3267 5567
1018 852 1156 936 ΙΝ
1271 850 1894 936 ιυοιΑΝῐ
2420 941 2447 977 ³
2548 959 2553 964 ⁴

437 1027 866 1104 VERAS
931 999 1604 1104 Hlsromis
1667 1026 1814 1102 ET
1875 1026 2445 1107 sommum
2524 1017 2527 1020 ’

737 1209 1276 1286 OBSERVAT
1286 1209 1580 1286 IONES
1625 1209 2139 1285 CRITICAE.

315 1739 533 1827 Quod
581 1745 724 1828 post
767 1737 1051 1803 Commu
1085 1735 1163 1800 -in
1209 1733 1750 1802 Annotationibus
1798 1732 1926 1801 illis
1950 1785 1968 1812 ‚
2023 1735 2303 1803 Orationi
2348 1736 2628 1826 Inauqu-

209 1848 362 1915 rali
414 1844 674 1912 additis
745 1841 981 1930 (praec.
1028 1857 1090 1923 p.
1131 1842 1260 1904 115
1306 1837 1473 1926 sqq.)
1500 1888 1518 1916 ‚
1566 1839 1632 1906 G.
1682 1839 1796 1906 Fa.
1847 1838 2217 1907 Heumns
2268 1842 2332 1907 in
2384 1841 2631 1910 Scamm-

213 1971 482 2019 nuwmt
559 1944 890 2031 Philoloqo
960 1939 1094 2029 (111.
1144 1945 1210 2007 5.
1285 1960 1347 2027 p.
1397 1941 1554 2030 514)
1619 1942 1839 2030 denuo
1906 1941 2355 2013 observaverat
2436 1955 2633 2034 atque

218 2052 705 2141 exemplorum
773 2047 941 2116 serie
1015 2045 1611 2126 demonstraverat,
1695 2048 1947 2115 Lucum
2035 2049 2281 2136 scripta
2345 2050 2633 2119 nondum

219 2161 329 2228 ita
377 2162 741 2247 persanata
801 2171 941 2221 esse
963 2201 983 2230 ‚
1051 2158 1128 2218 ut
1189 2152 1419 2218 critica
1480 2172 1598 2240 ope
1654 2151 2058 2241 supersederi
2113 2155 2403 2240 possint,
2471 2158 2631 2243 quin

225 2265 450 2331 immo
518 2258 836 2345 hodieque
897 2256 1186 2323 cuiusvis
1235 2257 1491 2344 generis
1537 2258 1715 2325 vitiis
1760 2259 2233 2335 contaminari,
2305 2258 2372 2325 id
2435 2281 2630 2348 quam

227 2388 396 2436 vere
444 2365 865 2433 observatum
935 2361 1061 2439 sit,
1120 2361 1444 2430 neminem
1517 2360 1742 2450 fugere
1808 2371 2056 2451 potest,
2125 2366 2241 2451 qui
2295 2366 2365 2432 in
2418 2365 2632 2454 legen·

230 2473 341 2541 dis
439 2468 866 2554 terendisque
949 2463 1329 2533 facetissimi
1420 2468 1759 2555 scriptoris
1843 2469 2144 2557 operibus
2225 2469 2477 2539 fidelem
2554 2491 2630 2539 ac

235 2566 595 2646 stre'nuam
655 2591 918 2660 operam
965 2570 1253 2638 collocat.
1346 2569 1450 2639 Nil
1498 2575 1735 2641 attinet
1801 2575 2240 2662 querimonias
2298 2576 2633 2646 cumulare

231 2690 443 2771 atque
529 2678 1014 2748 criminationes
1035 2728 1055 2755 ,
1132 2675 1369 2763 quibus
1435 2676 1582 2764 plus
1642 2678 1842 2746 semel
1920 2680 2312 2747 novissimus
2380 2678 2631 2749 Lucum

237 2787 457 2855 editor
480 2835 503 2867 ,
553 2785 960 2862 IAcomrzms,
1022 2781 1192 2848 ictus
1235 2800 1356 2848 nec
1410 2788 1628 2850 tamen
1690 2783 2026 2868 perculsus
2086 2790 2221 2859 est:
2265 2784 2455 2850 cuius
2498 2785 2630 2853 edi-

234 2893 421 2960 tione
492 2887 673 2957 haud
729 2886 916 2954 facile
953 2904 1176 2952 carere
1217 2885 1490 2971 poterit,
1537 2886 1933 2973 quicumque
1970 2888 2207 2955 misere
2250 2885 2469 2954 habito
2512 2888 2629 2956 Lu-

237 3017 406 3064 cum
448 2993 663 3064 textui
700 3012 817 3079 pro
860 2989 1038 3056 virili
1078 2997 1263 3077 parte
1309 2986 1653 3056 subvenire
1701 2988 1955 3058 studet.'
2034 2991 2265 3079 Magna
2309 2993 2485 3059 enim
2504 3003 2511 3008 “
2530 2994 2628 3062 in-

239 3100 507 3169 dustria
545 3097 762 3167 omnia
789 3093 1094 3182 ‘undique
1138 3093 1495 3179 congessit,
1542 3114 1707 3181 quae
1748 3095 2099 3179 variarum
2123 3095 2476 3186 lectionum
2520 3107 2629 3186 age

240 3206 450 3273 mina.
494 3204 565 3269 in
625 3200 801 3268 haud
858 3219 1020 3267 sane
1068 3198 1303 3284 exiguo
1362 3196 1659 3267 codicum
1723 3219 1995 3269 numero
2050 3210 2469 3272 annotaverat
2525 3205 2630 3272 vir

243 3309 506 3397 gnavus
525 3357 545 3388 ,
593 3307 703 3388 cui
738 3305 937 3388 ἕτερον
981 3303 1097 3385 μὲν
1136 3301 1320 3369 ἔδωκε
1366 3306 1576 3388 πατὴρ
1596 3356 1617 3384 ,
1662 3303 1875 3390 ἷὲἰ-ιεριηνι
1901 3306 1962 3397 ,δ’
2005 3306 2313 3376 ἀνένευσε.
2406 3307 2627 3396 Neque

244 3434 478 3483 meum
540 3418 682 3492 est,
741 3410 976 3479 merito
1027 3408 1429 3496 praedicatas
1482 3412 1794 3481 Fmrscnn
1858 3409 2341 3490 lucubrationes
2399 3412 2625 3482 Lucia·

250 3538 404 3590 neas
450 3518 636 3586 novis
672 3514 972 3586 laudibus
1010 3513 1278 3583 efferre..
1351 3516 1550 3585 Cuius
1581 3519 1651 3585 in
1691 3519 1987 3605 scriptiS,
2034 3525 2110 3585 ut
2145 3519 2340 3588 verbo
2377 3518 2627 3599 dicam,

250 3623 540 3692 admiror
581 3621 907 3708 egregiam
963 3621 1381 3706 sagacitatem·
1404 3670 1425 3700 ‚
1486 3624 1878 3708 exquisitam
1923 3619 2283 3686 doctrinam
2307 3670 2328 3698 ,
2389 3620 2628 3689 felicis-

254 3730 487 3798 simam
544 3724 924 3796 observandi
977 3723 1456 3810 observatisque
1521 3723 1799 3792 feliciter
1844 3722 2091 3791 utendi·
2133 3723 2348 3792 dotem
2371 3772 2393 3801 ‚
2459 3723 2625 3794 desi·

256 3832 409 3901 dero
453 3829 952 3920 temperantiam
1000 3833 1067 3894 et
1127 3825 1533 3913 elegantiam.
1629 3830 1790 3897 Cum
1846 3829 2249 3917 propositum
2294 3827 2461 3896 mihi
2500 3830 2625 3909 sit,

260 3938 430 4007 istud
468 3936 965 4006 duumvirorum
1002 3932 1512 4002 clarissimorum
1551 3933 1632 4002 de
1668 3941 1889 4001 textus
1932 3935 2221 4003 Leonum
2242 3931 2625 4016 ‚conditione

260 4040 462 4112 latum
551 4041 865 4111 iudicium
949 4035 1259 4124 exemplis
1326 4036 1567 4125 aliquot
1644 4040 1910 4127 insuper
1969 4037 2352 4107 confirmare
2374 4089 2394 4119 ‚
2463 4038 2625 4108 duas

267 4224 303 4231 Μ

335 4330 382 4399 ¹)
415 4331 547 4384 Usus
581 4346 703 4388 sum
752 4324 1070 4383 editionibus
1118 4330 1416 4384 licomrzn
1452 4338 1508 4385 et
1553 4332 1847 4386 Dinaeam
1900 4329 2167 4403 (Parisiis,
2223 4329 2395 4390 Didot.
2435 4331 2627 4403 1842).

269 4414 585 4478 Reitzianam
636 4416 721 4474 hic
768 4416 882 4472 illic
900 4455 919 4486 ‚
963 4414 1208 4491 Lugduni
1258 4421 1371 4475 Bat.
1420 4437 1511 4495 per
1553 4419 1760 4497 aliquot
1801 4419 1913 4478 dies
1948 4428 2336 4489 commoratus,
2391 4418 2627 4493 inspexi,

272 4502 412 4560 euius
446 4515 711 4579 praeterea
745 4504 990 4561 lectiones
1023 4509 1362 4567 lAcoarrzws
1405 4509 1691 4569 max-imam
1730 4519 1934 4583 partem
1963 4509 2020 4565 in
2057 4499 2485 4567 annotationibus
2516 4517 2627 4563 tex-

272 4590 346 4646 tui
380 4592 626 4651 subiectis
661 4593 942 4670 diligenter
979 4592 1242 4650 indicavit.
