3267 5567
1110 528 1314 596 Vnm
1360 529 1705 596 HrsroauS.
2468 529 2599 596 405

269 715 394 768 sum·
422 699 822 788 praefatione.
881 697 1214 768 obsoleto
1258 702 1562 772 vocabulo
1600 705 1815 774 utitur
1860 701 2027 768 Tim.
2055 705 2164 768 55.
2212 701 2599 786 μετάφρε·

269 827 424 884 νον,,
455 805 788 880 Homerico
831 805 900 871 in
939 805 1167 874 eadem
1212 808 1611 896 paragrapho
1634 859 1654 887 ,
1701 807 2047 888 πάμπαν.
2142 804 2393 888 Quibus
2436 806 2603 876 adde

268 909 411 986 Dial.
450 909 608 977 Mar.
635 908 801 976 XIV.
829 914 903 978 2:
954 910 1296 993 ὑπόπτερον
1342 911 1468 994 γάρ
1509 913 1697 980 αὐτὸν
1720 917 1757 990 ἦ
1797 913 2029 988 Ἀθηνᾶ
2074 909 2357 988 ἔθηκεν.
2410 912 2599 982 Char.

271 1021 326 1082 1:
366 1013 812 1097 στερόμενοι.
858 1015 1023 1080 Ibid.
1077 1021 1159 1083 5:
1208 1015 1641 1083 άτασθάλω.
1691 1015 1859 1084 Piso.
1902 1023 1961 1083 6:
2010 1017 2430 1099 ἐριδαίνειν.
2501 1011 2600 1084 De

263 1117 420 1184 Mero.
470 1118 656 1184 Cond.
696 1123 768 1184 7:
817 1119 924 1188 καὶ
980 1121 1229 1195 δούλους
1275 1123 1416 1192 ἄντ’
1460 1120 1783 1204 ἐλευθέρων
1836 1121 2107 1197 τίθησι.
2188 1121 2403 1199 Quom.
2448 1121 2601 1190 hist.

260 1245 461 1290 consor.
509 1223 591 1288 sit
630 1227 756 1289 57:
804 1223 930 1302 ὀξὺ
992 1227 1369 1309 δεδορκώς.
1417 1226 1729 1292 Aleoeand.
1774 1231 1879 1294 15.
1938 1225 2421 1310 σιτοφάγοις.
2478 1225 2601 1294 Vo-

259 1327 458 1396 cahula
501 1325 611 1393 illa
656 1327 1071 1418 Thucydidea
1106 1330 1589 1420 sententiasque
1628 1325 2079 1419 Thucydideas
2100 1380 2119 1408 ,
2176 1331 2411 1417 quibus
2447 1351 2509 1399 v.
2542 1351 2603 1403 c.

254 1433 314 1496 in
361 1430 522 1498 Veris
566 1431 864 1498 Historiis
904 1435 1318 1521 potissimum
1379 1442 1478 1504 est
1543 1454 1737 1515 usus,
1787 1435 1915 1503 huc
1957 1454 2085 1501 non
2124 1437 2448 1521 pertinere
2489 1457 2601 1525 ap-

251 1542 428 1622 paret.
521 1535 766 1618 Quibus
823 1536 974 1606 data
1037 1559 1232 1628 opera
1275 1549 1377 1608 est
1431 1560 1592 1610 usus
1613 1591 1633 1621 ,
1705 1548 1782 1608 ut
1816 1539 2123 1611 adhibitis
2178 1539 2323 1607 istis
2382 1539 2599 1621 λόγοις

249 1641 594 1726 ἱππολόφοις
638 1645 1032 1710 narrationis
1083 1646 1219 1713 vim
1263 1646 1579 1712 comicam
1625 1653 1915 1730 augeret.
1992 1639 2259 1724 ‘Quibus
2304 1646 2373 1712 in
2418 1645 2599 1714 inda·

249 1745 454 1830 gaudis
487 1747 816 1832 egregiam
855 1769 1117 1834 operam
1165 1748 1500 1815 collocavit
1538 1748 1901 1814 Farrsemus
1924 1796 1944 1825 ,
2011 1746 2283 1822 Quaestt.
2335 1747 2489 1816 Luc.
2536 1771 2601 1838 p.

251 1855 367 1916 169
408 1857 468 1916 et
515 1850 642 1936 Ep.
696 1849 848 1916 Oris.
894 1851 978 1916 ad
1018 1851 1334 1917 Friedem.
1380 1871 1442 1938 p.
1483 1871 1574 1918 ix.

326 1954 450 2021 Iam
473 2005 494 2033 ,
555 1953 930 2040 speciminis
975 1974 1130 2043 ergo
1151 2004 1170 2034 ,
1235 1954 1476 2042 aliquot
1547 1954 1951 2043 perlustrabo
1996 1957 2247 2024 Lucum
2293 1957 2363 2025 in
2432 1957 2603 2026 Veris

245 2057 524 2126 Historiis
561 2065 626 2127 et
662 2059 729 2126 in
777 2057 1030 2127 Somnio
1075 2059 1248 2128 locos
1295 2067 1652 2149 corruptos,

1273 2256 1286 2265 .
1395 2267 1445 2337 L

1131 2470 1334 2567 Verae·
1369 2469 1701 2540 Historiae.

319 2678 368 2745 Ι.
418 2681 479 2745 5.
549 2678 827 2755 Κτησίας
873 2681 902 2748 ὅ
949 2677 1300 2762 Κτησιόχου
1350 2680 1380 2745 ὅ
1425 2679 1658 2755 Κνίδιος
1714 2679 2073 2763 συνέγραψε
2126 2679 2264 2761 περὶ
2323 2687 2436 2756 τῆς
2484 2684 2597 2748 Ἰν·-

230 2786 338 2852 δῶν
381 2786 590 2867 χώρας
635 2786 740 2854 καὶ
791 2791 910 2853 τῶν
955 2788 1104 2868 παρ’
1150 2788 1364 2859 αὐτοῖς
1391 2834 1410 2859 ,
1459 2781 1504 2850 ἃ
1547 2787 1721 2865 μήτε
1763 2783 1953 2860 αὐτὸς
1998 2780 2126 2850 εἶδε
2180 2785 2348 2864 μήτε
2394 2783 2597 2853 ἄλλον

227 2889 578 2968 εἰπόντος
641 2892 880 2966 ἤκουσε.
974 2886 1164 2954 Haud
1230 2907 1536 2974 magnam
1579 2885 1864 2975 profecto
1926 2883 2117 2954 fidem
2174 2895 2455 2956 mereret
2501 2907 2599 2956 re-

223 3014 375 3064 rum
421 3000 754 3081 gestarum
778 2993 1058 3078 scriptor
1080 3042 1098 3070 ,
1146 2992 1261 3078 qui
1305 2999 1641 3079 tamquam
1677 3010 1833 3058 vera
1872 2991 2222 3058 memoriae
2265 2990 2602 3078 proderet,

222 3117 390 3185 quae
465 3116 675 3183 neque
760 3098 895 3183 ipse
955 3094 1120 3162 vidit
1201 3114 1409 3183 neque
1467 3094 1670 3163 ἄλλον
1732 3095 2006 3171 εἰπόντος
2068 3097 2321 3176 ἤκουσε,
2392 3115 2603 3182 neque

217 3201 382 3269 haec
445 3202 771 3270 sententia
815 3201 1026 3287 potuit
1084 3219 1223 3267 esse
1281 3199 1574 3280 Lucum,
1642 3199 1793 3266 talia
1848 3201 2330 3288 pronuntiantis
2366 3200 2601 3278 Quom,

213 3307 367 3376 hist.
439 3326 673 3374 consor.
745 3306 828 3372 sit
875 3310 948 3372 7:
1019 3307 1054 3382 ἧ
1126 3305 1189 3372 δὲ
1249 3307 1358 3372 οὐκ
1411 3303 1490 3372 ἄν
1557 3331 1619 3374 τι
1689 3306 1914 3388 ψεῦδος
1977 3307 2249 3388 ἐμπεσὸν
2324 3310 2361 3384 ἦ
2428 3309 2597 3375 ἱστο-

207 3413 313 3494 ρία
337 3460 360 3491 ,
407 3412 535 3480 οὐδ’
571 3413 892 3495 άκαριαῒον
935 3409 1320 3494 άνάσχοιτο,
1373 3414 1439 3478 οὐ
1485 3413 1740 3493 μᾶλλον
1786 3413 1823 3490 ἢ
1870 3413 1983 3490 τὴν
2026 3411 2323 3498 άρτηρΙαν
2374 3415 2597 3496 ἰατρῶν

207 3517 437 3592 παῖδές
476 3521 642 3602 φασι
681 3520 792 3594 τὴν
831 3526 1140 3600 τραχεῖαν
1187 3515 1660 3598 παραδέξασθαι
1684 3508 1779 3584 ἄν’
1799 3542 1861 3584 τι
1896 3519 1960 3592 ἐς
1997 3519 2197 3594 αὐτὴν
2220 3518 2599 3592 καταποθέν.

199 3621 324 3692 Ille
361 3621 661 3690 'demum
730 3620 856 3685 fide
915 3619 1152 3704 dignus
1211 3620 1470 3684 videtur
1533 3639 1675 3685 esse
1734 3639 1956 3686 rerum
2019 3621 2294 3704 scriptor
2316 3667 2336 3698 ,
2404 3625 2601 3705 atque

193 3727 569 3815 praecipue
615 3719 1021 3808 geographus
1081 3720 1205 3786 fide
1253 3719 1490 3807 dignus
1513 3771 1533 3799 ‚
1595 3721 1709 3807 qui
1763 3721 1857 3786 nil
1901 3723 2383 3790 commentariis
2428 3723 2604 3791 inse-

193 3832 297 3898 rit
323 3879 346 3906 ,
399 3827 532 3894 nisi
582 3820 755 3911 quod
800 3830 914 3891 aut
960 3824 1098 3910 ipse
1143 3822 1306 3889 vidit
1345 3831 1460 3891 aut
1506 3823 1586 3892 ab
1633 3822 1778 3892 aliis
1801 3874 1821 3904 ,
1870 3825 1980 3912 qui
2037 3825 2364 3907 viderint,
2426 3847 2601 3898 com-

184 3934 407 4028 perit.
512 3926 939 3998 Scribendum
986 3933 1118 3995 est:
1164 3923 1210 3993 ἃ
1247 3931 1413 4010 μήτε
1458 3930 1649 4006 αὐτὸς
1688 3925 1817 3997 εἶδε
1853 3932 2018 4012 μήτε
2063 3929 2267 3998 ἄλλον
2310 3931 2601 4012 ἰδόντος

183 4043 466 4120 ἤκουσε.
563 4035 740 4124 Quae
786 4031 976 4102 lectio
1010 4033 1270 4120 egregie
1317 4036 1616 4103 convenit
1663 4054 1814 4102 cum
1862 4037 1943 4103 iis
1964 4086 1987 4116 ‚
2033 4055 2196 4124 quae
2240 4037 2601 4114 secundum

181 4119 507 4218 Pnon’ma
571 4137 763 4232 (Bibl.
828 4139 970 4206 God.
1018 4135 1266 4208 LXXII.
1337 4159 1401 4228 p.
1439 4139 1592 4228 108)
1659 4140 1799 4228 ipse
1850 4139 1929 4208 de
1988 4161 2059 4208 se
2119 4142 2603 4228 praedicaverat

179 4249 516 4318 G'msus:
563 4247 723 4330 φησὶ
771 4244 836 4310 δὲ
882 4244 1070 4310 αὑτὸν
1107 4251 1225 4312 τῶν
1277 4241 1571 4311 πλειόνων
1617 4241 1664 4311 ἃ
1710 4246 1941 4332 ἱστορεῖ
1979 4245 2300 4328 αὐτόπτην
2341 4247 2601 4330 γενόμε·

177 4378 339 4432 νον,
409 4355 454 4430 ἢ
496 4353 645 4436 παρ’
685 4353 887 4417 αὐτῶν
937 4355 1219 4434 Περσῶν,
1285 4348 1430 4418 ἔνθα
1472 4349 1544 4416 τὸ
1591 4351 1733 4433 ὃροῖν
1777 4352 1868 4432 μὴ
1917 4351 2241 4434 ἐνεχώρει,
2302 4355 2601 4434 αὖτήκοον

173 4455 655 4528 καταστάντα
677 4505 697 4531 ,
763 4452 918 4522 οὕτω
965 4455 1077 4532 τὴν
1113 4455 1383 4540 ἱστορίαν
1429 4455 1831 4543 συγγράψαι.
1928 4454 2096 4540 Quid
2142 4456 2389 4526 multa!
2452 4459 2601 4547 Ipsa

169 4564 484 4632 erasm
531 4559 725 4628 verba
763 4579 1146 4652 persuasum
1187 4560 1330 4628 Tibi
1378 4558 1613 4629 habeas
1657 4561 1967 4632 Lucmwu
2007 4561 2397 4650 παρῳδῆσαις
2446 4562 2600 4630 Grn-
