3267 5567
671 512 762 573 66
1025 520 1038 535 ‘
1242 505 1544 569 Bonnam
1587 502 1982 569 Counnmwu
2028 500 2463 570 er‘rnmiuon.

1553 800 1588 853 B
1613 800 1649 852 P
1678 798 1699 853 1
1726 800 1757 853 S
1778 798 1815 853 'l'
1838 798 1875 852 θ
1898 798 1935 852 1,
1958 788 1993 851 A
2061 798 2158 852 45.

1631 914 2064 987 (incusatum).

927 1100 1066 1146 vnto
1113 1096 1628 1147 PRAENomussmo
1674 1093 2201 1149 nuunl'nssmoouss
2248 1094 2289 1141 1.
2332 1093 2419 1139 ST.
2468 1088 2771 1143 nmmum)

1521 1240 1570 1287 8.
1599 1240 1738 1287 1³01).
1778 1238 1821 1286 1.
1863 1240 1904 1285 1.
1949 1229 2179 1285 nutem.

663 1462 678 1475 .
765 1413 937 1481 Bene
987 1413 1148 1480 facis
1169 1460 1190 1491 ,
1234 1413 1444 1479 amice
1487 1409 2032 1478 aestumatissime
2056 1458 2075 1487 ‚
2128 1407 2302 1495 quod
2340 1408 2535 1477 officii
2582 1412 2714 1477 mei
2780 1430 2887 1481 me
2928 1413 3037 1482 ad·

667 1536 911 1585 mones,
1005 1516 1228 1585 Sentio
1271 1533 1378 1583 me
1414 1516 1644 1595 caedi,
1686 1515 1845 1582 dum
1894 1514 2173 1582 aliorum
2214 1513 2607 1601 negligentia
2652 1517 2797 1585 Tibi
2842 1538 3039 1607 vapu-

667 1622 785 1691 lat.
873 1623 1303 1710 Imposterum
1361 1620 1737 1689 emendabo.
1828 1619 2152 1687 Orationis
2203 1639 2411 1707 nuper
2469 1619 2727 1689 habitae
2776 1622 2857 1690 ab
2910 1623 3041 1693 Ou-

623 1774 632 1783 -
665 1727 1018 1816 dendorpio
1061 1734 1520 1814 argumentum
1573 1728 1717 1794 sine
1761 1725 1959 1793 dubio
2000 1726 2132 1793 iam
2178 1724 2553 1792 intellexisti
2597 1725 2681 1793 ab
2722 1730 2933 1797 amico
2968 1736 3041 1799 et

665 1835 808 1901 cive
853 1833 1026 1912 Tuo,
1071 1834 1184 1920 qui
1201 1883 1222 1911 ‚
1267 1840 1343 1899 ut
1379 1852 1588 1920 nuper
1630 1831 1887 1911 audivi,
1932 1830 2128 1898 Leida
2172 1830 2513 1905 discessit;
2578 1852 2807 1921 nempe
2852 1824 3041 1923 pero·

663 1940 835 2007 ravit
871 1940 930 2006 is
965 1936 1048 2006 de
1084 1940 1504 2027 praestantia.
1523 1946 1592 2005 et
1634 1950 1763 2005 usu
1806 1952 2207 2005 marmorum
2246 1934 2570 2022 simulque
2606 1938 2895 2005 curiosos
2942 1940 3039 2006 in-

663 2044 896 2111 vitavit
927 2044 1010 2111 ad
1042 2045 1394 2132 spectanda
1422 2053 1747 2111 marmora
1786 2041 2347 2131 Papenhroekiana
2382 2040 2767 2111 Academiae
2802 2043 3037 2131 legata.

665 2149 918 2217 Placuit
963 2158 1180 2217 orator
1213 2152 1560 2239 praecipue
1605 2148 2067 2217 Brandhorstio
2088 2196 2113 2227 ,
2154 2153 2220 2213 et
2274 2154 2470 2213 certe·
2518 2154 2807 2216 nostram
2850 2132 3041 2237 supe-

665 2255 835 2321 tavit
878 2256 1452 2342 exspectationem.
1537 2252 1732 2321 Edita
1784 2272 1960 2321 nunc
2012 2258 2113 2319 est
2150 2252 2277 2319 ista
2296 2253 2549 2320 ‚ot-atio.
2590 2310 2597 2317 .
2642 2252 2883 2321 Eodem
2930 2254 3042 2321 die

663 2360 910 2425 accessi
955 2367 1360 2446 praesentem
1406 2360 1514 2425 hic
1557 2359 1939 2425 Dorvillium
1963 2406 1989 2436 ‚.
2026 2358 2143 2444 qui
2198 2357 2480 2445 benign-a.
2526 2355 2737 2427 fronte
2778 2378 2887 2429 me
2928 2378 3042 2427 ex-

661 2464 836 2551 cepit
858 2512 880 2541 ‚
940 2466 1438 2549 praeteritorum
1491 2464 1789 2551 promisit
1846 2463 2233 2529 oblivionem
2293 2470 2360 2530 et
2421 2464 2755 2530 renovavit
2816 2464 3049 2531 amici·

663 2570 845 2635 tiam.
943 2568 1154 2636 Simul
1199 2568 1508 2636 indicavit
1523 2619 1543 2647 ,
1587 2568 1759 2656 quod
1804 2567 2113 2634 Chariton
2170 2574 2445 2654 uterque
2490 2568 2773 2637 Graecus
2812 2577 2880 2637 et
2922 2570 3037 2637 La-

667 2674 846 2740 tinus
889 2673 1164 2741 absoluti
1216 2695 1254 2741 a
1298 2674 1476 2762 prelo
1513 2676 1649 2741 sint
1672 2724 1693 2753 ,
1736 2678 1803 2739 et
1836 2678 2015 2739 totus
2056 2671 2221 2739 liber
2264 2672 2385 2739 sub
2429 2674 2582 2739 anni
2630 2675 2777 2744 novi
2822 2677 3047 2766 auspi·-

661 2780 766 2846 eia
809 2781 898 2847 sit
951 2780 1320 2869 prode-udus
1341 2801 1366 2856 ;·
1403 2780 1573 2867 quod
1619 2780 1879 2846 omittet
1937 2776 2417 2845 emendationes
2482 2790 2661 2845 meas
2722 2780 2845 2847 sihi
2908 2798 3047 2847 non

659 2886 1078 2973 approbatas,
1125 2895 1240 2953 aut
1285 2905 1448 2975 quas
1495 2906 1647 2953 cum
1696 2886 1836 2972 ipso
1886 2899 2265 2950 communes
2310 2882 2602 2951 habeam.
2696 2886 2795 2953 En
2834 2898 3043 2972 quan·

661 2993 806 3059 tum
845 2993 1008 3059 meis
1037 2991 1338 3059 laudibus
1375 3000 1442 3059 et
1477 2991 1805 3059 uberibus
1839 2990 2125 3057 decedat.
2218 2990 2485 3057 narrem
2524 2989 2735 3057 adhuc
2782 2990 2851 3057 ia
2894 2991 3046 3078 qui-
3101 2968 3109 2991 ⁴

662 3096 832 3162 dem.
927 3096 1056 3163 Sed
1111 3098 1285 3183 quod
1327 3098 1516 3185 plura
1575 3098 1737 3163 dicit
1782 3118 1819 3163 a
1860 3112 1928 3163 se
1974 3102 2227 3161 mutata
2272 3096 2339 3160 in
2379 3114 2533 3161 mea
2576 3096 2907 3174 versione,
2968 3094 3036 3163 id

663 3219 768 3265 me
835 3202 1038 3285 angits
1107 3202 1224 3267 ssi
1276 3201 1737 3289 praevidissem
1798 3203 1890 3267 ita
1958 3219 2295 3266 cessurum
2314 3248 2333 3277 ,
2398 3207 2473 3267 ut-
2528 3201 2760 3279 cessit,
2828 3201 3043 3269 Deum«-

665 3305 1100 3371 immortalem
1167 3314 1374 3373 testor
1395 3356 1416 3385 ‚
1473 3306 1655 3375 nullo
1736 3304 1927 3371 modo
2008 3303 2187 3370 nullo
2252 3305 2469 3391 precio
2544 3313 2659 3371 aut
2734 3306 3037 3393 precibus

660 3411 1014 3498 potuissem
1065 3411 1252 3498 adigi.
1287 3412 1444 3479 adeo
1498 3419 1571 3477 ut
1605 3418 1842 3477 mantis
1890 3410 2043 3477 huic
2095 3411 2273 3497 operi
2325 3408 2756 3477 admoverem.
2852 3410 3044 3495 Quod

663 3514 786 3582 feei
809 3564 828 3595 ,
899 3515 1020 3584 feci
1081 3517 1296 3583 studio
1357 3517 1584 3585 famae.
1678 3516 1959 3583 Fructus
2010 3514 2306 3582 laborum
2354 3524 2662 3585 ,meorum
2714 3516 2881 3583 mihi
2940 3518 3035 3587 sic
3124 3562 3133 3567 -

657 3623 882 3709 periit..
965 3624 1049 3690 Et
1108 3622 1320 3709 legere
1371 3621 1610 3688 debebo
1669 3621 1791 3689 sub
1836 3642 1981 3689 meo
2041 3622 2301 3687 nomine
2321 3668 2340 3699 ‚
2400 3641 2567 3709 quae
2610 3620 2924 3707 quamdiu
2979 3623 3054 3694 is.

663 3746 810 3793 sum
834 3774 853 3807 ,
893 3730 1012 3815 qui
1052 3748 1198 3796 sum
1222 3781 1243 3809 ,
1303 3728 1615 3816 quamdiu
1662 3728 1908 3815 sapiam
1952 3733 2021 3793 et
2064 3726 2323 3815 spirabo
2343 3776 2363 3807 ,
2410 3746 2769 3814 numquam
2814 3734 3047 3815 potero-

661 3834 1032 3919 approbare.
1127 3836 1288 3901 Hem
1314 3883 1333 3914 ,
1380 3835 1671 3921 iniquam
1716 3833 2161 3921 tyrannidem-l
2253 3832 2601 3901 Borvillius
2638 3854 2803 3921 opus
2846 3851 3031 3901 mon·

661 3924 982 4008 straverat
1015 3939 1454 4033 superioribus
1477 3938 1657 4005 feriis
1694 3936 2153 4005 Amstelodami
2186 3937 2694 4005 Hemsterhueio.
2789 3939 3040 4005 Verum

645 4044 720 4109 is
757 4045 1128 4131 ignorabat,
1188 4046 1500 4111 versionis
1549 4052 1885 4113 auctorem
1932 4064 2039 4110 me
2082 4061 2242 4111 esse.
2336 4043 2565 4111 Libere
2608 4044 2777 4131 apud
2817 4045 3033 4129 ipsum

660 4146 918 4215 locutus
984 4170 1132 4217 sum
1192 4150 1358 4223 hanc
1429 4151 1496 4216 in
1559 4168 1697 4217 rem
1722 4198 1743 4228 ,
1803 4156 1869 4215 et
1930 4155 2063 4215 tam
2139 4148 2339 4216 libere
2363 4200 2382 4228 ,
2452 4156 2529 4217 ut
2589 4168 2793 4235 neque
2860 4147 3044 4237 apud

663 4250 1191 4334 Schultensium,
1229 4274 1436 4341 neque
1475 4253 1645 4342 apud
1700 4252 2103 4321 Dorvillium.
2196 4254 2447 4323 Verum.
2496 4256 2553 4322 is
2597 4253 2886 4321 vicissim
2941 4255 3034 4320 vi-

658 4364 764 4424 tae
816 4378 996 4435 meae
1041 4361 1358 4427 rationem
1403 4368 1471 4428 et
1512 4367 1718 4427 totam
1779 4358 2215 4425 oeconomiam
2276 4360 2714 4446 improbabat:
2764 4358 2989 4430 dicens
3012 4404 3043 4435 ,.

660 4462 966 4532 adversae
1011 4485 1192 4534 meae
1232 4467 1525 4533 fortunae
1576 4486 1683 4535 me
1722 4464 1974 4532 fabrum
2013 4482 2172 4530 esse.
2270 4464 2338 4530 Si
2376 4465 2720 4532 voluissem
2771 4465 3031 4532 iuvenes

661 4569 931 4651 docere,
978 4578 1056 4651 ut
1092 4571 1347 4653 HofiuS,
1394 4580 1467 4641 ut
1508 4572 1943 4649 AlemannuS,
1990 4588 2095 4637 res
2155 4589 2331 4638 meas
2370 4570 2508 4638 sine
2555 4569 2750 4638 dubio
2808 4570 3039 4639 melio-
