3267 5567
741 491 872 556 596
1682 499 2175 550 summumne.

833 655 924 732 lb.
973 666 1104 730 645
1155 659 1282 748 vlg.

924 769 1172 836 Aeneas
1217 766 1452 857 (neque
1497 764 1673 832 enim
1718 763 1972 850 patrius
2008 760 2367 844 ‚consistere
2412 766 2697 828 mentem

924 873 1162 940 Passus
1205 869 1412 960 amor)
1461 867 1764 959 rapidum
1808 866 1893 934 ad
1940 885 2135 933 naves
2178 864 2542 954 praemittit
2586 863 2897 932 Achaten.

834 977 918 1046 11.
965 982 1098 1046 576
1145 975 1274 1063 vlg.

926 1082 1107 1150 Dixit
1152 1090 1218 1151 et
1263 1078 1580 1169 extemplo
1629 1079 1864 1168 (neque
1907 1075 2079 1144 enim
2126 1094 2432 1162 responsa
2476 1073 2802 1143 dabantur

925 1187 1088 1256 Fida
1133 1185 1319 1276 satis)
1369 1185 1572 1253 sensit
1616 1182 1863 1252 medios
1907 1178 2207 1269 delapsus
2254 1180 2323 1246 in
2368 1179 2609 1248 hostes,

833 1293 945 1361 111.
993 1296 1126 1358 562
1175 1291 1344 1380 vlgg.

921 1387 1088 1462 Fare
1133 1415 1254 1482 age
1303 1395 1611 1484 (namque
1659 1410 1919 1459 omnem
1962 1407 2231 1456 cursum
2280 1386 2443 1454 mihi
2492 1407 2801 1478 prospera
2848 1385 3011 1455 dixit

919 1498 1171 1584 Religio
1215 1505 1283 1565 et
1331 1497 1555 1564 cuncti
1591 1500 1948 1562 suaserunt
1994 1493 2263 1560 numine
2307 1491 2442 1560 divi

925 1602 1182 1670 ltaliam
1230 1608 1450 1692 petere
1493 1606 1562 1668 et
1605 1602 1817 1668 terras
1862 1605 2116 1666 tentare
2161 1604 2493 1683 repostasz

747 1713 878 1783 565
927 1705 1076 1776 Sola
1119 1725 1360 1775 novum
1407 1704 1719 1792 dictuque
1764 1703 1945 1772 nefas
1990 1701 2277 1790 Harpyia
2320 1701 2590 1771 Celaeno
2694 1750 2705 1756 -

925 1803 1301 1902 Prodigium
1347 1812 1527 1879 canit
1573 1818 1640 1879 et
1684 1812 1910 1878 tristes
1954 1807 2298 1876 denuntiat
2343 1807 2476 1874 iras

927 1909 1416 2006 obscenamque
1463 1915 1726 2005 famem)
1777 1934 1943 2004 quae
1990 1913 2202 2002 prima
2246 1911 2534 2001 pericula
2580 1911 2766 1978 vito?

836 2023 944 2091 IV.
997 2029 1104 2092 20.

928 2128 1115 2195 Anna
1163 2126 1437 2218 (fatebor
1481 2125 1683 2215 enim)
1734 2125 1957 2208 miseri
2004 2130 2148 2212 post
2193 2120 2326 2190 fata
2374 2119 2647 2210 Sychaei
2694 2125 2825 2188 cet.

837 2233 929 2302 lh.
983 2238 1110 2301 105
1157 2232 1286 2319 vlg.

931 2337 1055 2404 Olli
1105 2337 1334 2426 (sensit
1380 2338 1552 2403 enim
1603 2335 1907 2403 simulata
1952 2341 2169 2400 mente
2213 2329 2525 2420 locutam)
2552 2380 2571 2396 .
2596 2377 2619 2397 .
2642 2379 2659 2398 .
2687 2381 2705 2397 .

930 2441 1038 2507 Sic
1085 2447 1312 2507 contra
1357 2449 1456 2507 est
1503 2441 1798 2526 ingressa
1845 2439 2083 2508 Venus·

835 2545 932 2615 lb.
983 2544 1116 2612 652
1160 2542 1332 2631 vlgg.

937 2652 1106 2718 Tum
1152 2648 1436 2736 breviter
1481 2648 1727 2716 Barcen
1776 2647 2099 2714 nutricem
2148 2645 2343 2714 affata
2391 2644 2665 2734 Sychaei

935 2756 1248 2848 (Namque
1293 2773 1479 2822 suam
1525 2754 1738 2842 patria
1784 2753 2054 2839 antiqua
2098 2753 2265 2820 cinis
2312 2757 2453 2818 ater
2496 2749 2845 2840 habebat):

609 2949 614 2952 Ι
932 2861 1185 2928 Annam
1233 2879 1385 2927 cara
1431 2858 1597 2926 mihi
1640 2859 1868 2926 nutrix
1914 2857 2042 2924 huc
2090 2858 2247 2924 siste
2290 2875 2601 2923 sororem.
3233 2921 3234 2936 ¹

725 3001 778 3048 ·,
839 2967 950 3036 lx.
1004 2972 1134 3034 705
1184 2964 1357 3054 vlgg.
3233 2957 3234 3010 Ὺ

935 3072 1104 3138 Tum
1151 3071 1388 3138 Bitian·
1413 3068 1749 3144 ardentem
1796 3066 2000 3136 oculis
2044 3067 2410 3154 animisque
2456 3065 2848 3134 frementem
3233 3101 3234 3104 =

876 3216 886 3227 ·
929 3165 1072 3242 Non
1119 3175 1330 3242 iaculo
1381 3175 1614 3266 (neque
1662 3173 1835 3242 enim
1886 3170 2095 3240 iaculo
2140 3173 2342 3239 vitam
2390 3170 2498 3238 ille
2542 3168 2903 3259 dedisset),

933 3277 1060 3347 Sed
1103 3301 1415 3366 magnum
1463 3279 1747 3346 stridens
1792 3284 2089 3344 contorta
2132 3275 2463 3366 phalarica
2505 3275 2687 3342 venit
2732 3283 2865 3344 cet.

841 3379 920 3449 X.
973 3388 1058 3448 18
1104 3383 1274 3467 vlgg.
2668 3409 2673 3416 ·

937 3485 990 3554 0
1034 3494 1255 3576 pater,
1303 3507 1341 3553 o
1376 3483 1717 3552 hominum
1764 3504 2117 3573 rerumque
2164 3492 2427 3556 aeterna
2470 3492 2756 3576 potestas
2774 3535 2797 3566 ‚

938 3591 1254 3684 (Namque
1299 3590 1475 3659 aliud
1521 3589 1679 3679 quid
1726 3591 1851 3668 sit,
1899 3589 2070 3678 quod
2116 3591 2247 3658 iam
2286 3591 2632 3681 implorare
2677 3594 3046 3682 queamus)

931 3698 1158 3765 Cernis
1205 3705 1279 3784 ut
1326 3696 1643 3766 insultent
1688 3694 1965 3763 Rutuli?

843 3796 935 3873 ⁷112.
987 3807 1116 3870 217
1164 3803 1293 3890 vlg.

938 3908 1186 3976 Aeneas
1235 3908 1469 3999 (neque
1513 3907 1689 3974 enim
1734 3906 2043 3994 memhris
2090 3907 2201 3974 dat
2244 3924 2405 3974 cura
2450 3906 2760 3995 quietem)

937 4010 1082 4101 Ipse
1127 4011 1356 4080 sedens
1401 4011 1787 4099 clavumque
1831 4013 2001 4098 regit
2046 4011 2333 4098 velisque
2378 4012 2729 4078 ministrat.

847 4117 983 4185 Ten
1023 4117 1212 4191 slotte
1237 4114 1335 4184 zal
1373 4117 1483 4185 het
1523 4117 1717 4185 zeker
1762 4136 1921 4205 geen
1968 4115 2356 4204 aandachtig
2397 4116 2571 4186 lezer
2613 4125 2907 4205 ontgaan
2942 4165 2971 4200 ,
3024 4120 3173 4186 hoe·

754 4223 892 4291 veel
963 4222 1043 4290 de
1089 4223 1296 4311 plaats
1357 4220 1517 4289 door
1561 4222 1642 4290 de
1702 4222 2098 4311 uitwerping
2159 4240 2285 4288 van
2351 4220 2477 4290 den
2539 4222 2899 4292 bedoelden
2992 4223 3181 4312 regel

753 4349 875 4396 aan
930 4327 1163 4396 kracht
1225 4348 1306 4394 en
1351 4326 1797 4416 levendigheid
1860 4328 2025 4394 wint
2070 4347 2166 4394 eur
2199 4327 2321 4394 hoe
2364 4347 2456 4394 nu
2502 4329 2624 4398 oek
2672 4326 2751 4396 de
2791 4330 2869 4396 in
2924 4351 3184 4419 paren·

752 4432 935 4502 these
996 4431 1262 4501 staande
1309 4431 1612 4500 woorden
1674 4450 1792 4500 een
1840 4430 2243 4519 draaglijken
2290 4434 2394 4500 zin
2442 4453 2643 4522 geven
2666 4484 2687 4515 ,
2744 4431 2856 4504 die
2908 4456 3045 4530 er„
3070 4455 3189 4506 an-
