3267 5567
705 498 839 564 ²344
1296 492 1601 561 Βιιιιωιιιι
1646 493 2042 561 Coun-cnm
2085 489 2519 559 Liri-numen.

701 668 888 740 illudi
945 675 1016 736 et
1059 667 1284 757 inique
1327 670 1600 738 tractari
1644 667 1964 757 quomodo
2002 667 2093 736 Cl.
2139 667 2553 735 Burmannus
2597 686 2701 735 me
2748 674 3105 742 tractavit.

697 773 1138 843 Parasitorum
1180 781 1315 854 est,
1359 774 1585 842 buccis
1608 775 1852 842 inflatis
1889 772 2189 860 colaphos
2210 773 2528 859 excipere.
2621 772 2845 861 Neque
2871 775 3099 858 Saxii,

697 899 910 968 neque
952 879 1314 947 Menckenii
1359 897 1562 947 suasu
1595 880 2044 967 potissimum,
2115 877 2230 945 sed
2280 877 2510 964 Kappii
2557 879 2844 946 maxime
2868 930 2889 959 ,
2926 902 3101 950 ‚sus-

697 987 854 1074 cepi
878 994 946 1054 et
991 984 1164 1053 edidi
1202 984 1364 1052 illud
1407 983 1814 1073 opusculum.
1910 980 2240 1065 Quomodo
2277 989 2441 1069 erga·
2467 1000 2574 1049 me
2620 984 2956 1053 animatus
3002 990 3093 1055 sit

699 1091 936 1168 Saxins
987 1109 1115 1157 non
1182 1091 1350 1160 novi.
1453 1088 1801 1158 Sincerum
1849 1088 2079 1157 saltem
2138 1087 2429 1154 amicum
2488 1106 2561 1154 se
2613 1087 2777 1155 mihi
2831 1110 3095 1180 semper

695 1196 1084 1264 monstravit
1121 1194 1435 1283 quamdin
1485 1194 1593 1262 bic
1638 1194 1784 1261 fuit.
1875 1194 1969 1262 De
2004 1193 2169 1259 rixis
2202 1212 2357 1260 cum
2395 1190 2709 1279 theologis
2748 1195 2925 1282 quod
2968 1198 3089 1264 tibi

699 1301 1006 1372 narravit·
1043 1299 1395 1370 Dorvillius
1437 1307 1541 1368 est
1594 1318 1853 1367 merum
1899 1298 2305 1386 figmentum.
2394 1296 2533 1364 Non
2589 1295 2771 1365 faveo
2818 1302 3087 1388 quidem

700 1405 814 1473 isti
853 1405 1117 1492 generi,
1181 1403 1294 1473 sed
1339 1403 1708 1473 simultates
1742 1409 2000 1492 apertas
2045 1422 2198 1470 cum
2238 1400 2375 1468 illis
2421 1421 2553 1469 non
2597 1422 2773 1489 gero.
2865 1406 3092 1474 Voluit

701 1508 813 1578 ille
845 1509 1022 1598 quod
1057 1511 1264 1578 nostri
1308 1510 1495 1578 aiunt
1537 1511 1668 1597 aus
1698 1508 1820 1574 den
1855 1507 2069 1574 Bescli
2100 1507 2417 1595 scbloqen.
2483 1507 2931 1595 Scio·quidem
2958 1533 3097 1600 qua

703 1622 921 1683 mente
964 1616 1251 1702 Kappius
1317 1614 1482 1682 mihi
1535 1612 1817 1680 suaserit
1880 1610 2060 1680 illam
2108 1630 2366 1700 operam
2390 1661 2411 1691 ‚
2474 1619 2549 1678 ut
2593 1632 2702 1680 me
2746 1615 2918 1681 vobis
2975 1618 3095 1684 in-

702 1718 940 1788 festum
981 1718 1280 1788 redderet
1324 1726 1390 1787 et
1444 1717 1738 1786 odiosum
1763 1767 1782 1796 ,
1843 1725 1910 1784 et
1955 1725 2032 1786 ut
2075 1736 2222 1786 mea
2260 1736 2454 1805 opera
2503 1717 2647 1783 odio
2687 1738 2836 1798 suo,
2901 1722 3087 1807 quod

701 1843 859 1912 erga
893 1824 1120 1910 Belgas
1157 1825 1488 1912 concepit,
1527 1820 1951 1892 satisfaceret.
2046 1822 2172 1891 Sed
2217 1843 2336 1911 ego
2359 1829 2616 1892 tantum
2663 1844 2770 1896 me
2803 1845 3094 1913 purgare

703 1935 771 1997 et
807 1927 1055 1995 diluere
1094 1929 1582 1997 criminationes
1620 1927 1980 1996 Burmanni
2005 1927 2178 1995 volui
2200 1978 2223 2008 ,
2268 1927 2545 1994 aliorum
2584 1930 2869 1997 rationes
2908 1932 3092 2000 insu-

704 2053 824 2123 per
861 2032 1084 2101 habui.
1181 2033 1252 2102 Si
1289 2034 1462 2132 odio‘
1479 2053 1585 2102 me
1628 2032 1782 2101 inde
1826 2032 2117 2101 habeatis
2134 2083 2153 2112 ,
2196 2031 2389 2121 culpa
2431 2039 2580 2101 mea
2625 2053 2752 2101 non
2798 2042 2925 2103 est.
3022 2037 3091 2106 Si

704 2138 861 2208 licet
898 2137 1088 2205 alteri
1122 2159 1232 2207 me
1265 2159 1606 2218 accusare,
1652 2137 1873 2205 licebit
1910 2145 1976 2205 et
2012 2138 2178 2206 mihi
2218 2158 2328 2207 me
2372 2136 2734 2208 defendere.
2784 2139 3089 2212 Truncus

707 2263 837 2313 non
875 2260 1081 2324 sum,·
1106 2245 1222 2333 qui
1255 2264 1482 2314 caesus
1519 2263 1651 2312 non
1690 2244 2094 2331 ingemiscat.

709 2505 720 2516 -
822 2459 960 2529 XV.
1045 2458 1454 2528 -vimnmn
1496 2462 1632 2551 (Er.
1675 2461 1787 2551 88)
1836 2418 1995 2529 ovea
2025 2461 2257 2529 Rsisxr.
2294 2477 2375 2527 ιιιι
2417 2480 2578 2530 orna
2622 2482 2738 2530 nni«
2783 2413 2997 2532 Gom

1566 2563 1803 2635 Ηοιὲιιιι.
1864 2563 2222 2636 vosmnus.
2270 2587 2275 2594 ·

803 2774 899 2841 De
941 2772 1202 2848 Reiskio
1249 2773 1425 2860 'quae
1475 2770 1711 2840 scribis
1766 2772 2009 2860 partim
2050 2771 2340 2840 iucunda
2383 2772 2761 2841 acciderunt
2784 2823 2802 2849 ‚
2848 2774 3084 2861 partim

711 2880 969 2955 minus;
993 2877 1132 2947 sed
1165 2878 1245 2946 ab
1275 2879 1423 2966 ‘ipso'
1460 2877 1811 2965 praeterita
1854 2875 2250 2945 hebdomade
2291 2876 2531 2945 literas
2550 2879 2772 2965 aceepi
2811 2898 2930 2966 per
2964 2878 3082 2946 Ln-

711 2985 969 3052 zacium
1008 2985 1349 3052 iuniorem.
1441 2984 1707 3051 Inerant
1728 2987 1733 2992 '
1756 2982 2111 3062 nonnulla}
2171 2989 2562 3071 quapropter
2620 2982 2773 3050 ilico
2838 2981 3085 3051 adeas

704 3088 1201 3158 ‹rescribendum
1225 3089 1612 3160 censuerim.
1665 3089 1765 3154 Τιι
1786 3107 2059 3175 quaeso,
2089 3089 2180 3155 mi
2217 3086 2760 3166 Bernarde,cura
2799 3095 2875 3155 ut
2912 3087 3086 3156 bisce

707 3191 999 3260 -in‘sertae
1035 3192 1127 3258 ad
1173 3191 1254 3260 cl.
1300 3193 1639 3261 Reiskiu'm
1696 3192 1929 3261 literae
1973 3213 2169 3282 quam
2216 3192 2606 3281 primum·.id
2638 3190 2796 3260 <fieri
2836 3194 3049 3280 possit
3067 3241 3086 3273 ,

711 3296 1008 3384 ¹Iaipsiam·
1040 3295 1436 3366 deferantur.
1524 3297 1947 3365 Fasciculum
1988 3305 2021 3366 1
2048 3299 2449 3366 ···Decembris
2499 3301 2668 3365 1747
2704 3317 2743 3368 a
2785 3318 2891 3365 me
2918 3300 3087 3368 mis·-

716 3421 866 3471 sum
905 3400 1168 3468 demum
1220 3409 1399 3470 sexto
1444 3401 1551 3469 die
1594 3402 1747 3469 Maii
1793 3423 1862 3470 se
1902 3402 2128 3469 scribit
2183 3404 2530 3491 accepisse.
2621 3403 3091 3472 benamarim

705 3504 1150 3588 Gedieefnihil
1183 3514 1342 3575 ‘erat
1379 3527 1612 3575 causae
1656 3526 1779 3574 eur
1824 3507 2197 3592 adeofflset
2239 3508 2313 3578 in
2350 3509 2807 3595 meixgratiam
2835 3504 3089 3575 sollici-

713 3613 871 3689 tus&
909 3616 1148 3701 .nequ'e
1205 3614 1381 3701 enim
1442 3613 1521 3681 de
1559 3612 1822 3681 scholiis
1869 3613 2035 3682 istis.
2068 3612 2396 3702 plerisque
2430 3614 2719 3681 minoris
2746 3614 3089 3696 'momenti

707 3718 982 3810 edendis
1003 3739 1324 3809 runquam·
1353 3719 1651 3807 cogitavi.
1745 3719 1942 3787 Recte
1968 3717 2300 3797 facturum
2339 3717 2715 3787 arbitrabar¹
2732 3717 2792 3784 si
2826 3716 2978 3804 quis
3008 3736 3086 3786 ex

716 3825 842 3892 isto
887 3825 1107 3893 codice
1151 3824 1460 3893 nonnulla
1508 3825 1747 3893 selecta
1799 3825 2176 3913 evulgaret,
2238 3827 2308 3893 in
2364 3823 2600 3913 quibus
2642 3830 2945 3894 auctores
2986 3824 3087 3892 Ici-

716 3936 1016 3997 tarentur
1071 3931 1314 3998 vetusti
1358 3935 1474 3996 aut
1531 3928 1709 3997 aliud
1769 3929 2104 4019 quidpiam
2151 3930 2518 3999 traderetur
2542 3980 2561 4008 ‚
2615 3926 2787 4016 quod
2832 3926 3088 3994 aliunde

717 4032 1183 4119 ignoraremus.
1278 4033 1405 4101 Sed
1435 4033 1777 4103 Reiskium
1833 4043 2159 4110 noveram
2183 4036 2460 4102 aliarum
2505 4053 2726 4102 rerum
2774 4039 3086 4119 satagere.

717 4133 894 4217 Quae
931 4136 1096 4201 actis
1134 4137 1575 4226 Lipsiensibus
1612 4140 1769 4207 anni
1815 4125 2169 4232 superioris
2213 4147 2277 4207 et
2315 4138 2739 4208 Miscellaneis
2762 4137 3087 4215 inseruit,

711 4237 843 4324 legi
887 4237 1220 4327 equidem,
1255 4242 1370 4309 sed
1398 4262 1665 4330 prorsus
1689 4242 1871 4310 mihi
1889 4222 2284 4338 persuadeo,
2330 4245 2669 4340 pleraque
2674 4261 2802 4342 non
2842 4248 3087 4310 nostra

709 4340 922 4409 tibus
939 4348 1239 4422 tantum,
1308 4345 1421 4411 sed
1465 4352 1533 4412 et
1578 4330 1994 4434 popularibus
2039 4345 2180 4410 eius
2226 4348 2694 4438 displicitura,
2734 4354 2910 4417 certe
2956 4367 3084 4414 mo·

707 4444 1218 4586 deratioribus.
1255 4448 1452 4534 Quid·
1474 4448 1638 4518 mihi
1683 4448 1764 4517 de
1806 4449 1949 4515 eius
1995 4446 2349 4520 scribendi
2366 4454 2620 4521 ratione
2666 4461 2741 4521 et
2778 4455 3086 4541 intempe-
