3267 5567
588 522 856 589 Xssnom.
907 522 1172 589 linum.
1215 518 1350 591 vn.
1387 545 1455 589 11.
1504 528 1584 590 13
1633 562 1726 573 —
1772 522 1906 589 VII.
1949 542 2007 587 v.
2048 524 2156 588 26.
2418 522 2550 586 ’529

172 686 279 765 IV.
329 700 416 765 50
439 696 530 767 in.
603 698 710 765 καὶ
756 702 882 780 μὴν
926 702 980 767 οἷ
1025 703 1314 767 Ἠλεῖοι
1371 699 1559 767 τάπί
1604 699 1837 783 θάτερα
1872 703 1981 767 τοῦ
2028 700 2319 777 ποταμοῦ
2356 720 2544 779 παρε-

256 801 564 881 τάξαντο,
591 804 1114 888 σφαγιασάμενοι
1139 805 1205 872 δὲ
1228 806 1404 881 εὐθὺς
1429 807 1713 889 ἐχώρουν.
1738 803 1810 871 L.
1834 806 1887 872 οἱ
1910 807 2011 870 Ἠ.
2051 804 2114 870 εἰ
2127 828 2158 877 ς
2193 799 2353 869 τάπί
2390 802 2443 867 θ.
2469 800 2539 868 Ρ.

170 905 275 975 lv.
327 912 410 975 54
438 928 528 977 m.
593 908 848 988 γνόντες
897 911 971 977 δὲ
1014 911 1078 977 οἱ
1108 915 1254 977 τῶν
1291 912 1336 977 ά
1351 935 1382 994 ρ
1392 935 1447 992 χ
1463 910 1691 979 όντων
1729 908 2245 992 διακεχειρικότες
2292 906 2380 973 τα
2411 906 2547 990 ἱερά

253 1015 574 1096 χρήματα
621 1010 712 1080 ὅτι
760 1018 813 1081 εἰ
869 1016 1109 1082 δώσοιεν
1153 1013 1410 1090 εὐθύνας
1435 1064 1456 1091 ,
1525 1014 1957 1083 κινδυνεύσοιεν
2018 1012 2362 1080 άπολέσθαι
2417 1012 2549 1077 κτὲ.

252 1117 326 1186 L.
375 1124 523 1186 τῶν
581 1118 988 1201 άρχόντών
1035 1121 1102 1187 οἱ
1147 1114 1692 1203 διακεχειρικότες.
1743 1119 1814 1185 Ρ.

166 1221 246 1291 V.
305 1229 340 1289 1
376 1221 408 1288 f
405 1271 611 1289 .....
650 1218 748 1288 ὅτι
801 1225 854 1289 οἰ
899 1225 1166 1304 Θηβαῖοι
1214 1225 1385 1303 δῆλοι
1433 1221 1553 1291 εἷεν
1592 1222 1964 1305 βουλόμενοι
2006 1223 2088 1296 ὥς
2136 1217 2557 1293 α’σθενεςάτην

257 1329 376 1404 την
441 1325 905 1403 Πελοπόννησον
957 1324 1114 1395 εἶναι
1138 1379 1159 1407 ,
1224 1325 1389 1404 ὅπως
1448 1332 1528 1404 ὥς
1588 1334 1758 1416 ῥᾷςα
1812 1328 2010 1403 αὐτην
2076 1322 2557 1393 καταδουλώ-

260 1456 563 1519 σαιντο.
611 1431 682 1499 L.
731 1433 1462 1501 καταδουλώσοιντο.
1524 1433 1594 1501 C.

167 1536 246 1603 V.
299 1542 457 1617 8111.
504 1543 623 1606 τῶν
657 1537 711 1604 δ’
741 1536 957 1620 ἑτέρων
995 1536 1111 1617 ἔξω
1157 1538 1740 1623 ςρατευομένων
1778 1536 1921 1617 ἐξῆν
1966 1538 2143 1621 ὅρᾶν,
2190 1584 2390 1603 .....
2424 1531 2553 1599 εἴτε

255 1666 326 1709 τι
366 1640 742 1725 ἡμάρτανον.
791 1642 861 1709 L.
909 1646 1713 1727 ςρατοπεδευομένων.
1760 1644 1828 1709 C.
1875 1644 1946 1711 P.

162 1745 236 1812 V.
295 1751 380 1813 11
411 1747 504 1813 in.
570 1747 706 1813 ἐπεὶ
755 1748 808 1811 δ’
833 1748 1082 1826 ἐγένετο
1122 1750 1628 1829 Ἐπαμεινώνδας
1664 1748 1738 1813 ἐν
1770 1754 1850 1829 τῇ
1886 1745 2066 1813 πόλει
2106 1754 2185 1829 τῇ
2228 1755 2555 1828 Σπαρτια-

252 1835 385 1917 τῖὅν
428 1852 564 1916 κτὲ.
619 1850 692 1916 L.
741 1852 919 1933 πρὸς
958 1860 1039 1933 τῇ
1081 1849 1288 1916 πόλει.
1334 1850 1403 1917 G.

163 1954 247 2021 V.
312 1958 420 2019 15.
484 1953 539 2019 οἱ
598 1953 663 2019 δὲ
731 1954 1040 2031 Ἀθηναῖοι
1105 1956 1506 2029 ἰππεῒς....
1552 1952 1911 2034 ἐτύγχανον
1957 1950 2399 2036 προσιόντες
2470 1953 2560 2025 εἰς

259 2058 382 2135 τὴν
425 2057 811 2124 Μαντίνειαν
870 2057 978 2126 καὶ
1041 2055 2049 2144 καταςρατοπεδευσάμενοι
2092 2056 2262 2129 ἐντὸς
2307 2051 2561 2134 τείχους

259 2164 332 2229 ἐν
356 2168 500 2239 ταῖς
535 2164 777 2239 οἰκίαις.
803 2163 874 2230 L.
913 2163 1284 2243 εἰσιόντες
1330 2185 1411 2234 en
1445 2159 2459 2247 καταςρωτοπεδευσόμενοι·
2486 2158 2559 2224 P·

164 2269 249 2335 V.
308 2271 394 2333 16
399 2318 597 2335 .....
645 2270 751 2335 καὶ
801 2270 864 2334 ἐν
909 2268 1162 2354 Κορίνθῳ
1206 2271 1697 2353 δυστυχήματος
1740 2267 2167 2350 γεγενημένου
2219 2265 2401 2354 [τοῖς
2445 2266 2562 2331 ἰπ-
2588 2346 2621 2359 ..

265 2372 578 2461 πεῦσιν]
647 2374 812 2440 οὐδὲν
874 2373 1108 2441 τούτων
1170 2375 1739 2456 ἐπελογίσαντο
1798 2373 1877 2465 (οἱ
1920 2371 2190 2463 ἱππεῖς).
2236 2371 2309 2439 Ρ.
2368 2370 2471 2437 En
2515 2366 2561 2435 l.
2604 2362 2610 2367 ’

265 2477 848 2558 ὑπελογίσαντο
899 2486 1032 2547 met
1085 2479 1462 2551 Schneider.

165 2580 252 2650 V.
311 2586 395 2649 18
419 2580 463 2650 f.
493 2632 509 2650 .
539 2632 556 2649 .
587 2633 604 2651 .
672 2582 792 2656 ώςε
837 2588 947 2654 οὐκ
985 2584 1178 2657 ἐδόκει
1216 2591 1388 2674 αὐτῷ
1434 2588 1543 2680 (τῷ
1569 2584 2073 2679 Ἐπαμεινώνδα)
2110 2582 2368 2653 δυνατὸν
2407 2576 2563 2648 εἶναι
2676 2600 2683 2605 ·

261 2688 520 2770 άμαχεί
556 2694 966 2774 παρελθεῖν
993 2715 1012 2732 ·
1049 2694 1428 2778 λογιζομένῳ
1473 2690 1568 2761 ὅτι
1592 2694 1646 2759 εἰ
1670 2694 1787 2774 μὲν
1820 2691 2039 2777 νικῴη,
2089 2687 2308 2757 πάντα
2352 2692 2568 2755 ταῦτα

263 2793 744 2863 ἀναλύσοιτο
771 2819 788 2836 ·
837 2800 890 2863 εἰ
938 2797 1002 2863 δὲ
1034 2798 1368 2875 άποθάνοι,
1419 2800 1620 2875 καλὴν
1658 2801 1771 2875 τὴν
1808 2798 2108 2875 τελευτὴν
2158 2792 2560 2888 [ἡγήσατο]

269 2893 520 2963 ἔσεσθαι
561 2902 692 2965 κτὲ.
786 2898 944 2964 Hier
980 2908 1156 2967 moet
1200 2904 1485 2980 ἡγήσατο
1519 2900 1879 2979 νθιὟῧΠθΠ,
1926 2920 2006 2967 en
2061 2901 2105 2968 l.
2144 2902 2565 2982 άναλήψοι·

271 3022 377 3067 το.
421 2998 488 3065 C.
533 2999 605 3065 P.
653 3000 755 3065 En
797 3003 1189 3071 άπελθεῒν.
1235 3004 1308 3103 P.

165 3099 254 3166 V.
310 3100 574 3169 20.καί
622 3102 749 3187 γαρ
795 3130 902 3173 οτε
950 3154 968 3173 .
995 3155 1012 3172 .
1037 3155 1058 3175 .
1083 3157 1106 3177 .
1150 3111 1582 3193 παρήγγειλεν
1628 3114 1841 3188 αυτοις
1893 3112 2044 3204 (τοις
2108 3112 2479 3196 ςρατιώταις
2534 3109 2565 3175 ὃ

163 3286 172 3293 .
269 3206 806 3301 Ἐπαμεινώνδας)
855 3214 1441 3347 παρασκευάζεσθαι
1479 3220 1558 3293 ὥς
1603 3216 1832 3303 μάχης
1872 3216 2199 3298 ἐσομένης,
2245 3216 2565 3301 προθύμως

151 3407 166 3417 ·
269 3312 391 3391 μὲν
457 3315 815 3383 ἐλευκοῦντο
877 3320 934 3385 οι
985 3325 1201 3411 ιππεις
1246 3322 1336 3390 τα
1402 3322 1592 3407 κράνη
1828 3322 2441 3409 ,ἐπεγράφοντο
2500 3319 2565 3386 δὲ

268 3417 380 3485 καὶ
417 3423 537 3486 τῶν
577 3422 888 3505 Ἀρκάδων
934 3426 1193 3495 ὁπλῖται
1231 3428 1540 3514 ῥόπαλα,
1563 3433 1654 3506 ὥς
1678 3431 2029 3513 Θηβαιοι
2075 3428 2336 3503 ὄντες,
2383 3423 2567 3492 πάν-

149 3516 156 3525 ’
266 3542 395 3598 τες
443 3524 506 3592 δὲ
547 3529 837 3604 ἠκονῶντο
862 3531 968 3598 και
995 3532 1254 3615 λόγχας
1301 3534 1407 3601 καὶ
1433 3538 1769 3621 μαχαίρας
1794 3534 1923 3603 καὶ
1940 3534 2407 3618 ἐλαμπρύνοντο
2443 3529 2565 3605 τας

263 3628 632 3705 ἀσπίδας.
682 3632 752 3697 L.
815 3637 894 3709 ὥς
934 3636 1014 3713 δη
1053 3640 1322 3718 Θηβαῖοι
1366 3638 1562 3727 ὄντες.
1597 3642 1690 3709 Κ.
1754 3622 1847 3709 De
1891 3638 2198 3707 woorden
2245 3635 2565 3720 ἐπεγρά-

145 3752 160 3764 ·
264 3736 499 3815 φοντο
541 3740 636 3801 tot
681 3734 888 3813 ὄντες
937 3747 1192 3808 moeten
1239 3763 1324 3810 na
1368 3745 1710 3821 άσπίδας
1750 3750 1955 3813 sta‘an.
2005 3744 2076 3812 Ρ.

156 3836 252 3905 V.
309 3838 511 3905 22111.
582 3842 690 3907 καὶ
734 3868 862 3927 γαρ
904 3844 976 3922 δη
1022 3848 1102 3921 ὥς
1140 3847 1287 3931 πρὸς
1332 3851 1420 3933 τῷ
1463 3849 1580 3943 όρει
1615 3828 1865 3945 ἐγένετο
1916 3850 1969 3943 (ὃ
2017 3845 2553 3936 Επαμεινώνδας)

265 3942 407 4010 ἐπεὶ
457 3940 782 4023 ἐξετάθη
850 3952 1018 4035 αὐτῷ
1066 3954 1101 4029 ἧ
1163 3952 1482 4038 φάλαγξ,
1544 3958 1665 4024 ὑπὸ
1726 3962 1855 4032 τοῖς
1927 3960 2193 4039 ὑψηλοῖς
2255 3951 2422 4020 ἔθετο
2467 3954 2557 4022 τά

263 4044 498 4127 ὅπλα,
523 4076 651 4123 ωςε
689 4052 942 4133 εἰκάσθη
978 4059 1717 4147 ςρατοπεδευομένῳ.
1766 4061 1838 4129 L.
1886 4061 2319 4185 ἔξετέτατο.
2356 4059 2427 4127 Ρ.
2454 4058 2557 4125 En

279 4157 1074 4247 ςρατοπεδευσομένῳ.
1124 4162 1204 4232 Κ.
1339 4226 1344 4233 .
1660 4228 1667 4233 .

156 4258 253 4327 V.
310 4258 442 4325 26
422 4278 510 4325 111.
559 4268 1037 4345 συνεληλυθυίας
1081 4270 1211 4355 γαρ
1251 4270 1477 4357 σχεδὸν
1518 4246 1774 4376 άπάσης
1799 4270 2106 4350 Ἑλλάδος
2151 4268 2255 4339 καὶ
2306 4270 2554 4338 άντιτε·

272 4364 646 4446 ταγμένων,
693 4371 882 4449 ουδεὶς
939 4372 1156 4465 [ην]“
1116 4402 1244 4455 οςις
1285 4381 1392 4446 οὐκ
1421 4376 1566 4464 ᾤετο
1612 4381 1742 4447 κτέ.
1792 4378 1857 4449 C.

2080 4700 2135 4738 28
