3267 5567
777 530 828 596 1.
873 549 1126 596 nninvun
1173 548 1286 594 uu
1335 526 1731 595 Vucxunnnn
1778 549 1853 593 nu
1892 529 2137 597 Rursus.
2564 539 2651 602 67

249 728 368 777 res
428 728 602 775 nune
645 698 810 773 fore.
899 706 1038 792 Ego
1081 722 1234 773 vero
1285 702 1577 773 dicebam
1619 720 1803 775 mene
1848 702 2047 776 indoli
2100 704 2167 773 id
2226 706 2397 777 vitae
2439 727 2646 797 genus

250 836 398 883 non
445 811 830 886 convenire;
876 810 958 877 ad
1003 809 1284 877 nobilius
1329 810 1486 898 quid
1533 808 1779 877 sactum
1816 828 1925 877 me
1958 828 2132 890 esse,
2177 831 2375 899 quam
2419 814 2501 883 ad
2548 822 2643 885 to·
2684 826 2691 839 ·

249 920 600 1017 lerandam
645 935 998 1006 puerorum
1036 917 1402 991 lasciviam;
1447 914 1616 981 nolle
1660 922 1781 983 me·
1812 922 2123 1005 perpetuo
2163 938 2423 1006 repere,-
2470 922 2643 1009 quod

251 1025 536 1093 verbum
583 1022 931 1110 praecipue
969 1023 1182 1109 ipsum
1229 1019 1518 1089 feriebat.
1609 1018 1916 1095 Dicebam
1948 1023 2119 1089 inter
2154 1022 2284 1092 alia
2304 1073 2325 1103 ,
2370 1044 2479 1095 me
2506 1025 2642 1097 Bel·

245 1132 442 1219 gium
503 1126 668 1196 velle
719 1126 1125 1215 relinquere;
1191 1134 1259 1195 et
1320 1140 1677 1212 numquam
1728 1126 2085 1195 obliturum
2145 1148 2287 1197 esse
2346 1132 2641 1201 miseria·

249 1256 412 1305 rum
437 1285 457 1313 ,
501 1252 670 1322 quas
715 1250 1058 1319 perpessus
1100 1230 1210 1299 hic
1257 1229 1371 1299 fui.
1466 1229 1667 1299 Porro
1702 1230 2083 1303 Dorvillium
2119 1234 2343 1322 inique
2379 1254 2639 1307 mecum

255 1341 480 1428 egisse
501 1388 520 1417 ,
561 1336 736 1426 quod
773 1336 934 1405 adeo
968 1335 1248 1412 αὐθάδως
1296 1336 1365 1403 in
1411 1354 1603 1424 opere
1646 1354 1793 1403 meo
1828 1348 2125 1407 versetur
2146 1389 2166 1419 ,
2212 1347 2281 1408 et
2323 1339 2533 1409 multa
2571 1341 2638 1411 in

268 1445 464 1533 peius
513 1450 742 1513 mutet.
835 1442 1028 1511 Forte
1098 1442 1158 1511 is
1214 1440 1368 1509 huic
1425 1439 1859 1525 renunciabit.
1952 1442 2197 1513 Verum
2253 1447 2325 1515 οὖ
2352 1513 2357 1525 ,
2386 1447 2641 1531 epm),

281 1550 686 1633 Ἱπποκλείδῃ
1874 1593 1879 1597 -
1921 1550 1957 1593 “·

359 1654 482 1725 Sed
517 1654 608 1723 ad
640 1653 868 1723 literas
919 1651 1094 1721 Tuas
1154 1666 1381 1739 pauca.
1479 1649 1717 1719 Vocem
1769 1652 2076 1736 πρόχνμα
2138 1674 2269 1726 non
2310 1656 2645 1727 observavi

265 1760 530 1848 quidem
555 1810 576 1839 ‚
624 1758 904 1829 similem
949 1766 1168 1827 tamen
1190 1806 1210 1833 ,
1258 1774 1488 1847 nempe
1527 1764 1757 1841 χεῦμα
1790 1774 1909 1847 pro
1950 1778 2141 1839 vase,
2182 1780 2265 1831 ex
2310 1776 2439 1849 quo
2484 1760 2643 1850 quid

252 1866 657 1943 effunditur,
717 1862 891 1951 apud
950 1861 1249 1931 Herodot.
1282 1861 1332 1929 1.
1394 1884 1451 1929 c.
1495 1869 1575 1931 δι
1627 1864 1739 1931 fin.
1832 1865 2023 1951 Apud
2078 1864 2475 1955 Hesychium
2522 1882 2639 1955 pro

255 1974 490 2054 ψύττα
549 1969 893 2057 legendum
953 1976 1054 2035 est
1111 1968 1364 2050 ψύκτρα
1411 1967 1677 2055 (endem
1734 1967 1939 2036 forma
1998 1978 2075 2037 ut.
2130 1972 2419 2057 μάκτρα)
2444 2020 2468 2047 ,
2530 1992 2640 2039 σαι

261 2077 670 2164 xpeel-comm
691 2124 712 2154 ‚
757 2082 824 2142 et
869 2073 1092 2141 statim
1145 2080 1292 2161 post
1327 2072 1600 2156 ψῦκτρον
1646 2077 1798 2161 (pro
1840 2073 2108 2159 φάττον)
2154 2077 2407 2143 πύελον.
2502 2074 2641 2143 Usi·

259 2183 488 2253 tatius·
504 2190 572 2251 et
617 2183 687 2249 in
735 2180 972 2265 vulgus
1007 2184 1236 2247 notum
1285 2185 1387 2245 est
1437 2182 1685 2261 ψυκτήρ
1709 2228 1728 2257 ,
1774 2178 1947 2266 quod
1996 2180 2195 2249 etiam
2238 2180 2488 2251 Latinis
2530 2178 2639 2249 ad·

265 2288 568 2367 hibetur,
611 2295 681 2357 et
725 2306 765 2355 a
813 2284 1128 2355 salmasio
1171 2282 1253 2349 ad
1271 2282 1507 2370 Script.
1557 2283 1722 2351 Hist.
1772 2285 1935 2371 Aug.
1982 2284 2369 2355 illustratur.

361 2393 518 2462 nah.
579 2392 808 2462 Leidae
868 2390 929 2460 d.
985 2394 1066 2458 17
1105 2387 1362 2457 Octobr.
1416 2393 1592 2457 1745
1656 2386 1785 2479 (Gi.
1835 2390 2153 2460 Bernardi
2212 2391 2495 2481 Epistola
2554 2392 2638 2463 ad

266 2498 602 2572 Reiskium
648 2500 717 2567 in
769 2496 1007 2565 Jomum
1050 2494 1237 2562 JAcon
1273 2493 1576 2563 Rmsnnus
1631 2514 1753 2561 von
1806 2494 1943 2563 ihm
2004 2496 2199 2565 selbst
2243 2496 2637 2585 ausgesetzte

263 2602 983 2686 Lebensheschreibu'ng‘
1029 2618 1092 2687 p.
1135 2603 1266 2665 222
1311 2605 1505 2687 sqq.).

1131 2812 1571 2867 ariston
1643 2813 1783 2867 143.

1240 2940 1677 3007 (ηις-επακ.)

600 3114 736 3161 vmo
779 3116 868 3161 cl..
917 3117 1081 3163 RRUD.
1131 3118 1204 3165 13¹1·
1249 3115 1773 3165 Exrmunnnssmo
1820 3120 1859 3163 1.
1910 3118 1996 3163 ST.
2046 3116 2349 3165 mammio

1072 3272 1121 3316 S.
1151 3271 1203 3317 Ρ.
1229 3271 1284 3317 1).
1329 3272 1406 3315 10.
1451 3272 1562 3316 mc.
1605 3270 1831 3317 nmsxn.

358 3438 494 3505 {am
550 3424 908 3526 exspectas-
937 3442 1162 3529 procul
1207 3439 1404 3508 dubio
1463 3462 1682 3509 meum
1752 3442 1830 3510 de
1870 3429 2235 3509 Charitone
2292 3441 2628 3510 iudicium.

255 3542 536 3611 Miratus
572 3542 665 3609 fui
705 3552 780 3611 ut
821 3547 1111 3635 primum
1161 3546 1294 3614 vidi
1331 3545 1566 3613 molem
1606 3547 1791 3627 libri,
1838 3546 1987 3615 dein
2026 3568 2259 3614 nomen
2304 3566 2525 3615 meum
2564 3549 2635 3615 in

257 3648 475 3716 fronte
540 3650 804 3719 Latinae
864 3652 1419 3739 interpretationis
1442 3702 1461 3730 ‚
1523 3650 1693 3738 quod
1755 3671 1882 3717 non
1942 3659 2461 3739 exspectaveram
2484 3700 2503 3730 ‚
2564 3660 2634 3719 et

257 3753 519 3823 laudem
559 3756 686 3823 mei
731 3757 1177 3846 peregregiam
1222 3758 1290 3823 in
1329 3754 1841 3843 praefatiuncula
1887 3755 1997 3823 illa
2032 3756 2316 3845 praefixa
2337 3807 2357 3836 ,
2418 3764 2485 3824 et
2519 3777 2629 3824 no-
2736 3804 2743 3810 -

255 3858 434 3926 tuias
493 3880 670 3928 meas
715 3860 1018 3929 additas„
1084 3861 1266 3943 Quod
1320 3861 1624 3929 ultimum
1684 3861 1979 3928 omnium
2024 3863 2295 3930 minime
2353 3862 2435 3931 ab
2496 3864 2635 3951 ipso

253 3982 688 4053 speraveram.
761 3966 888 4035 Sed
925 3968 1179 4045 nescio,
1229 3968 1342 4055 qui
1381 3966 1624 4033 iactum
1642 4016 1661 4045 ,
1708 3973 1783 4032 ut
1820 3986 2045 4033 earum
2072 3968 2385 4055 quaedam
2404 4016 2421 4046 ,
2469 3986 2631 4056 quas

259 4070 333 4137 in
385 4070 654 4137 Schedis
707 4071 910 4140 habeo
931 4124 950 4152 ‚
997 4070 1087 4138 ibi
1141 4090 1270 4141 non
1330 4078 1762 4161 compareant.
1856 4071 2127 4139 Necesse
2172 4081 2272 4139 est
2293 4122 2313 4150 ,
2358 4079 2434 4138 ut
2486 4092 2631 4153 eaS,

255 4175 480 4242 nescio
517 4195 645 4262 quo
687 4196 881 4256 casu,
927 4177 1160 4244 editori
1206 4197 1336 4243 non
1387 4177 2043 4251 communicaverim;
2090 4175 2267 4244 nulla
2312 4178 2487 4246 enim
2526 4199 2632 4247 ex-

258 4282 479 4370 putari
533 4289 745 4369 potest
793 4283 960 4349 ratio
983 4333 1002 4360 ‚
1072 4302 1271 4371 quare
1323 4282 1440 4349 has
1495 4283 1763 4350 consilio
1821 4282 2114 4350 omiserit
2136 4334 2155 4361 ,
2212 4285 2325 4370 qui
2387 4292 2634 4352 ceteras

260 4386 458 4455 dedit.
554 4391 855 4457 Attamen
894 4388 1080 4455 video
1103 4440 1122 4467 ,
1171 4390 1238 4453 in
1275 4389 1612 4455 Animadv.
1662 4389 1973 4476 quasdam
2014 4409 2189 4456 meas
2222 4392 2631 4457 coniecturas
2740 4396 2746 4401 ’

257 4493 544 4572 laudari,
593 4514 758 4582 quae
798 4494 867 4559 in
909 4494 1035 4560 isto
1092 4493 1376 4562 indiculo
1421 4514 1548 4560 non
1586 4502 1900 4581 prostant.
1997 4494 2324 4576 Quantum
2372 4493 2452 4559 ad
2490 4512 2627 4559 ver-

260 4601 510 4669 sionem
557 4600 856 4671 Latinam
898 4602 1186 4679 attinet,
1235 4607 1639 4687 compareret.
1678 4598 1786 4667 illa
1832 4597 2091 4686 quidem
2134 4598 2319 4667 aliter
2342 4650 2362 4678 ,
2410 4600 2466 4667 si
2512 4619 2627 4685 ego

2070 4709 2099 4746 s
2130 4706 2147 4727 .
