3267 5567
539 496 544 505 '
639 502 728 565 68
1207 493 1516 558 nennium
1563 489 1953 555 effluamus
2000 487 2425 557 Lirrmmuun.

647 684 842 751 illam·
865 680 1228 750 edidissem.
1323 676 1450 745 Sed
1491 672 1807 761 impedire
1849 692 1977 739 non
2012 676 2195 761 potui
2245 694 2384 741 rem
2409 726 2429 754 ,
2474 694 2639 770 quae
2684 684 2814 745 mei
2853 678 3018 748 arbi·

649 790 764 857 trii
800 805 928 854 non
966 792 1156 851 esset.
1249 783 1397 869 Ipse
1449 780 1661 856 nosti,
1708 796 1905 863 quam
1950 798 2139 865 saepe
2182 798 2385 866 quum
2432 780 2640 847 adhuc
2684 785 2859 869 apud
2904 802 3021 852 vos

649 913 894 970 essem,
937 894 1332 975 conquestus
1369 885 1448 951 de
1492 882 1799 951 Dorvillio
1834 902 1979 949 mea
2010 884 2091 949 ad
2125 904 2316 951 suum
2355 885 2634 952 lubitum
2672 888 3025 975 refingenti

649 998 886 1063 fuerim
910 1046 930 1073 ‚
974 1002 1044 1063 et
1089 1012 1285 1081 quam
1339 996 1676 1078 propterea
1729 991 2021 1055 animum
2069 989 2149 1055 ab
2196 991 2334 1077 ipso
2380 991 2747 1059 alieniorem
2786 1014 3022 1061 conce-

651 1103 880 1190 perim.
977 1100 1191 1182 Quum
1229 1117 1384 1163 vero
1424 1094 1489 1160 id
1529 1096 1793 1161 omnino
1832 1095 2144 1182 impedire
2168 1108 2177 1145 ῑ
2184 1096 2581 1182 nequiverim
2611 1148 2629 1175 ,
2678 1098 2899 1165 saltem
2950 1100 3022 1167 id

647 1207 810 1273 bene
857 1191 1010 1271 fecit
1044 1204 1288 1280 editor,
1335 1208 1400 1269 et
1441 1200 1686 1267 factum
1726 1201 2003 1286 gaudeo,
2053 1200 2222 1288 quod
2260 1202 2501 1287 passim
2550 1204 2936 1289 scripturam
2978 1226 3019 1271 a

647 1330 793 1377 mea
839 1328 1037 1375 manu
1091 1305 1443 1395 profectam
1488 1306 1817 1371 indicavit.
1865 1342 1959 1357 -—
2003 1305 2267 1372 Caetera
2324 1306 2705 1393 perhoneste
2762 1330 3015 1377 mecum

645 1418 780 1502 egit
813 1413 1290 1485 ‘celeberrimus
1342 1412 1570 1479 Editor
1591 1462 1610 1490 ,
1678 1419 1747 1478 et
1804 1410 2011 1477 multo
2070 1412 2279 1497 magis
2330 1428 2525 1499 qnam
2578 1396 2893 1500 umquam
2944 1416 3023 1483 ab

649 1522 790 1607 ipso
827 1525 1367 1605 exspectaveram.
1461 1516 1800 1583 Interdum
1833 1536 1937 1583 me
1966 1518 2384 1604 perstringit,
2430 1525 2525 1596 et,
2556 1516 2715 1584 satis
2746 1521 3026 1601 acriter,

643 1633 715 1692 et
753 1624 834 1691 ob
887 1624 1211 1713 minutam
1256 1612 1412 1689 rem⁵
1457 1622 1744 1708 graviter
1798 1622 2245 1689 stomachatur
2292 1626 2536 1711 (neque
2594 1630 2818 1691 tamen·
2856 1644 3026 1693 sem·

647 1722 767 1818 per
811 1729 950 1795 sine
995 1728 1262 1811 causa);
1306 1727 1477 1814 quod
1523 1729 1767 1795 mirum
1813 1726 1976 1793 mihi
2022 1748 2150 1793 non
2196 1728 2461 1807 accidit,
2506 1729 2621 1814 qui
2664 1730 2807 1796 eius
2842 1732 3023 1818 inge·

647 1837 834 1909 nium
884 1834 1067 1909 novi:
1127 1839 1228 1911 et,
1289 1833 1462 1919 quod
1507 1834 1725 1900 nescio
1778 1854 1861 1900 an
1902 1832 2193 1927 laudem,
2254 1831 2322 1897 id
2375 1852 2629 1920 semper
2676 1832 2832 1901 facit
2878 1856 3028 1904 meo

649 1942 908 2006 nomine
953 1936 1390 2013 dissimulato:
1451 1946 1628 2027 patet
1675 1947 1892 2006 tamen
1930 1958 2010 2005 ex
2058 1938 2298 2005 notulis
2332 1939 2506 2003 'meis
2560 1958 2701 2018 me,
2746 1944 2827 2015 ὥς
2870 1943 2980 2009 ἀεί
3002 1992 3024 2017 ,

649 2044 997 2137 designari.
1092 2044 1240 2109 Pari
1293 2044 1482 2111 modo
1519 2064 1671 2113 cum
1708 2044 2180 2110 ‘Valckenaerio
2226 2044 2395 2129 agit,
2440 2064 2632 2130 quem
2658 2094 2677 2121 ,
2722 2045 2837 2112 ubi
2883 2048 3029 2113 eius

649 2151 1010 2216 sententiae
1077 2148 1466 2229 subscribit,
1536 2151 1919 2216 nominatim
1965 2149 2225 2225 laudat3
2272 2148 2383 2215 ubi
2439 2167 2589 2231 vero
2634 2150 2776 2216 eius
2836 2172 3031 2218 eona-

653 2260 760 2319 tus
783 2304 802 2331 ,
843 2254 1225 2340 praesertim
1273 2254 1719 2335 Themi-item,
1766 2254 2155 2337 σπαράττει,
2208 2255 2297 2319 ibi
2345 2272 2494 2320 eum
2532 2272 2661 2320 non
2707 2257 3025 2325 nominat.

650 2359 923 2425 Putabat
972 2380 1201 2447 nempe
1225 2410 1243 2437 ‚
1288 2361 1466 2446 ”quod
1505 2382 1628 2427 nos
1687 2360 2021 2447 proverbio
2066 2360 2346 2425 dicimus
2376 2410 2395 2437 ,
2443 2361 2498 2424 si
2542 2361 2693 2446 quis
2744 2361 3028 2449 lapidem

649 2466 718 2529 in
763 2484 998 2550 agmen
1045 2485 1281 2531 canum
1321 2466 1663 2553 proiecerit
1711 2474 1885 2541 (sans
1923 2463 2436 2553 comparaison),
2483 2483 2636 2531 eum
2672 2486 2742 2532 se
2786 2458 3024 2534 clamo·

648 2590 722 2635 re
759 2569 1170 2657 proditurum
1220 2591 1389 2650 esse,
1436 2572 1548 2657 qui
1589 2571 1793 2635 ictum
1855 2558 2215 2657 acceperit.'
2240 2606 2335 2619 —-
2377 2570 2838 2637 Recensionem
2884 2573 3027 2640 eius

647 2672 719 2740 in
758 2675 940 2741 Actis
979 2675 1240 2741 omnino
1285 2674 1487 2754 dabo,
1549 2674 1661 2741 sed
1716 2673 1909 2741 talem
1934 2726 1953 2754 ,
2000 2682 2075 2741 ut
2119 2682 2425 2760 agnoscat
2475 2675 2703 2742 Editor
2762 2685 3025 2763 gratum

652 2779 1022 2856 hominem:
1091 2779 1363 2847 laudabo
1431 2780 1707 2858 librum,
1768 2788 1845 2847 ut
1905 2788 2193 2847 meretur
2266 2788 2357 2865 (et
2418 2788 2594 2847 certe
2640 2801 3025 2869 permagnas

649 2894 942 2953 meretur
992 2886 1264 2977 laudes).
1361 2886 1430 2954 Si
1467 2893 1690 2974 potero
1715 2936 1733 2965 ,
1778 2887 1911 2953 vim
1958 2886 2120 2953 mihi
2168 2886 2305 2974 ipse
2344 2885 2614 2953 inferam
2656 2888 2722 2953 iu
2759 2886 3024 2955 laudan-

644 2991 773 3069 do;
833 2993 1253 3060 dissimulabo
1311 2995 1567 3080 ingrata
1628 2993 1844 3059 omnia
1912 2999 1975 3059 et
2021 2992 2572 3080 querimoniarum
2620 3003 3023 3080 argumenta.

745 3096 1115 3163 Scribebam
1154 3094 1405 3185 Lipsiae
1451 3097 1513 3163 d.
1542 3102 1580 3163 4
1606 3098 1756 3164 Maii
1794 3103 1986 3165 1750.
2038 3097 2149 3187 (cf.
2176 3098 2479 3164 Rmsmms
2521 3094 3021 3173 Lebensbeschr.

599 3169 605 3175 ¹
652 3220 715 3287 p.
757 3202 890 3266 586
937 3199 1127 3288 sqq.).

660 3450 672 3459 .
755 3418 761 3423 -
841 3374 1162 3462 Kampen,
1214 3379 1244 3441 1
1289 3373 1420 3443 Oct.
1461 3379 1654 3443 1851„
1812 3418 1821 3423 -
2352 3376 2427 3443 E„
2474 3324 2749 3449 unnim.

1295 3551 1446 3643 (Hel
1488 3553 1736 3643 cervolq
1768 3552 1835 3620 in
1880 3576 1989 3622 een
2026 3547 2290 3644 volyeml
2320 3562 2657 3645 nummer).
