3267 5567
731 617 863 684 4⁰6
937 603 956 614 ’
1477 612 1965 681 (lustau-riom
2002 631 2065 679 m
2108 612 2360 680 Lucum

727 811 862 862 sus
913 790 1090 858 enim
1149 787 1312 857 altor
1371 787 1481 858 bic
1527 795 1740 859 exstat
1792 787 1966 878 apud
2024 785 2301 856 eundem
2336 783 2625 852 'Pnormu
2666 781 2835 853 locus
2854 832 2873 864 ,
2922 784 3042 852 cod.

727 896 979 966 LXXII.
1048 915 1112 984 p.
1151 899 1321 962 1158:
1387 901 1606 964 ταῦτα
1664 895 1933 981 γράφων
2000 895 2107 962 καὶ
2167 894 2524 976 μυθολογῶν
2580 890 2844 966 Κτησίας
2897 890 3049 970 λέγει

725 1004 1178 1079 rimosa-rava
1223 997 1538 1085 γράφειν,
1589 1000 1892 1082 ἐπάγων,
1936 1003 2027 1076 ὡς
2086 1000 2189 1067 τὰ
2246 999 2383 1080 μὲν
2436 997 2673 1071 αὐτὸς
2715 996 2865 1063 ἰδὼν
2902 994 3049 1078 γρά-

617 1167 624 1177 .
727 1114 912 1194 φει,
953 1108 1054 1175 τὰ
1097 1107 1172 1174 δὲ
1219 1111 1406 1192 παρ’
1449 1111 1691 1175 αὐτῶν
1736 1107 1989 1188 μαθὼν
2033 1110 2171 1172 τῶν
2216 1103 2538 1170 ἰδόντων.
2600 1103 2681 1169 In
2723 1100 2933 1188 vulgus
2960 1121 3052 1167 no·

725 1221 839 1281 tus
881 1219 1079 1300 atquo
1123 1209 1372 1280 iamdiu
1415 1220 1749 1281 correctus
1792 1219 1892 1280 est
1932 1209 2231 1278 Puroms
2274 1207 2459 1276 locus
2478 1257 2500 1287 ,
2544 1206 2660 1294 qui
2702 1205 2943 1274 eandem
2976 1205 3059 1274 fe-

729 1339 806 1387 ro
850 1316 1062 1386 labem
1121 1324 1573 1398 contraxerat,
1642 1318 1843 1386 Alcib.
1875 1317 1971 1396 11,
2027 1336 2089 1405 p.
2135 1319 2258 1383 141
2332 1313 2407 1382 E.
2456 1309 2851 1400 Vulgabatur
2904 1312 3059 1377 enim

729 1424 903 1512 apud
949 1425 1317 1492 Purom:
1383 1429 1600 1492 ταῦτα
1650 1424 1780 1506 γὰρ
1843 1425 1953 1492 οὐκ
1996 1420 2211 1488 άλλων
2268 1418 2631 1498 ἀκηκόαμεν
2652 1466 2672 1496 ,
2731 1419 2872 1483 ἀλλ’
2908 1417 3063 1484 αὐτοὶ

729 1527 1032 1611 παρόντες
1092 1527 1423 1606 οἴδαμεν.
1518 1527 1641 1596 Ubi
1684 1526 2071 1614 quantocius
2114 1543 2233 1613 pro
2287 1523 2543 1605 οἴδαμεν
2581 1522 2873 1589 restituto
2897 1522 3067 1588 εἶδο-

729 1653 870 1714 μεν
935 1636 1004 1698 et
1063 1631 1385 1697 sententia
1429 1649 1591 1698 sana
1639 1630 1855 1698 evadit
1912 1637 1982 1698 et
2017 1631 2325 1716 sanroms
2367 1634 2588 1697 textus
2637 1625 2816 1694 foedo
2866 1625 3071 1694 libera·

729 1744 845 1804 tur
887 1734 1286 1803 soloecismo.

741 1887 752 1900 -
827 1839 1010 1925 Quod
1055 1859 1254 1928 supra
1297 1838 1435 1908 dixi
1456 1891 1477 1922 ,
1519 1841 1713 1910 Veros
1749 1839 2063 1909 Historias
2098 1840 2329 1909 existo
2372 1857 2511 1922 esse
2548 1839 2927 1926 scriptorum
2960 1837 3075 1905 Lu-

735 1948 1112 2016 cianeorum
1152 1964 1425 2014 numero
1445 1997 1467 2027 ,
1513 1966 1681 2034 quae
1726 1945 2165 2014 emendatiora
2211 1943 2293 2013 ad
2343 1964 2462 2012 nos
2508 1944 2940 2034 pervenerint,
2984 1943 3079 2010 de-

737 2071 870 2119 nuo
915 2049 1208 2118 libellum
1253 2053 1664 2140 percurrenti
1730 2051 1943 2120 denuo
1982 2049 2398 2118 manifestum
2462 2050 2707 2118 factum
2770 2055 2886 2116 est.
2971 2049 3081 2115 Mi-

737 2156 918 2223 noris
958 2155 1134 2222 enim
1180 2153 1316 2224 fere
1359 2162 1514 2224 sunt
1563 2157 1921 2235 momenti,
1960 2173 2129 2244 quae
2185 2154 2269 2224 ad
2314 2175 2454 2232 eaS,
2496 2174 2660 2242 quae
2709 2161 3085 2242 sequuntur,

733 2261 1174 2349 paragraphos
1218 2260 1615 2330 observanda
1673 2261 1894 2329 habeo.
1992 2260 2281 2343 Quorum
2349 2260 2635 2346 primum
2681 2266 2779 2325 est
2835 2259 2904 2324 in
2945 2257 2995 2347 S
3022 2263 3087 2324 6:

736 2365 1169 2448 Προσσχδντες
1215 2362 1316 2436 οὖν
1359 2367 1466 2434 καὶ
1521 2367 1888 2448 ἀποβάντες
1934 2369 2014 2442 ὥς
2061 2364 2141 2432 ἂν
2201 2368 2271 2432 ἐκ
2316 2369 2567 2448 μακραῖς
2633 2363 3088 2445 ταλαιπωρίας,

738 2469 937 2535 πολὺν
981 2471 1098 2549 μὲν
1141 2470 1248 2536 ε’πὶ
1292 2480 1406 2548 τῆς
1436 2480 1559 2551 γῆς
1594 2473 1812 2556 χρόνον
1856 2471 2180 2551 ἐκείμεθα,
2229 2469 2775 2545 διανάσταντες
2830 2469 2895 2534 δὲ
2938 2465 3091 2548 ὅμως

735 2571 1161 2654 ἀπεκρίναμεν
1214 2576 1346 2640 κτὲ.
1438 2575 1559 2642 Est
1625 2577 1747 2643 hoc
1792 2584 2131 2664 peccatum
2167 2575 2453 2642 librariis
2517 2574 2873 2641 sexcenties
2932 2594 3099 2640 com-

738 2676 1016 2744 missum
1055 2683 1130 2744 ut
1160 2679 1665 2774 praepositiones
1692 2678 1791 2761 ,ἐξ
1813 2688 1878 2747 et
1923 2683 2055 2760 δι’,
2102 2701 2268 2769 quae
2305 2687 2379 2748 ut
2417 2680 2486 2746 in
2511 2676 2984 2766 antiquioribus
3005 2697 3105 2746 co-

739 2780 995 2850 dicibus
1027 2783 1308 2870 scriptae
1351 2783 1690 2852 exstabant
1728 2783 1833 2876 (cf.
1878 2785 2036 2853 Bas-1·
2061 2837 2079 2865 ,
2126 2785 2193 2852 C.
2224 2787 2296 2851 P.
2348 2783 2503 2852 Tah.
2527 2782 2665 2851 VII.
2696 2787 2814 2861 14,
2864 2801 2927 2870 p.
2954 2783 3107 2871 711)

741 2888 1088 2957 hebetibus
1123 2887 1538 2957 librariorum
1584 2892 1791 2960 oculis
1825 2893 1935 2958 vix
1978 2888 2555 2979 dignoscebantur,
2602 2894 2671 2955 et
2714 2887 2891 2956 nude
2948 2888 3113 2976 posi·

740 3003 844 3063 tas
888 3001 954 3062 et
1015 2996 1084 3062 in
1139 2995 1512 3085 compositis
1572 2999 1857 3086 turpiter
1915 2995 2367 3065 confuderunt.
2464 2993 2665 3061 Cuius
2710 2995 3123 3081 corruptelae

737 3119 905 3188 quae
948 3101 1018 3167 in
1059 3106 1307 3169 annott.
1367 3100 1448 3169 ad
1487 3102 1751 3170 Humor..
1793 3102 2003 3191 Alleq.
2042 3102 2227 3170 Hom.
2294 3120 2356 3188 p.
2402 3101 2491 3167 99
2534 3099 2841 3187 proposui
2898 3118 3129 3168 exem-

737 3203 864 3294 plis
885 3252 907 3286 ,
953 3204 1081 3274 duo
1117 3223 1278 3293 paee
1315 3206 1438 3273 viri
1475 3207 1825 3275 clarissimi
1870 3209 2139 3295 insuper
2182 3204 2412 3273 addam
2429 3255 2449 3285 ,
2495 3223 2660 3293 quae
2704 3209 2981 3291 praeter
3008 3206 3135 3274 alia

737 3309 892 3377 olim
959 3311 1031 3377 in
1083 3311 1376 3378 Isocra-rr.
1423 3311 1586 3378 mihi
1647 3312 1958 3382 indicavit
2013 3313 2312 3392 Coum-us»,
2368 3309 2616 3378 scilicet
2672 3311 2929 3398 Paney.
3006 3317 3137 3380 158

745 3415 920 3501 (pag.
963 3419 1044 3479 81
1089 3414 1312 3502 Bsxx.)
1383 3413 1542 3482 ὥστε
1581 3419 1690 3482 καὶ
1750 3426 1869 3484 τῶν
1920 3419 2127 3499 μύθων
2169 3420 2392 3498 ἥδιστα
2455 3416 2815 3498 συνδιατρ
2835 3417 3055 3500 Ιβομ
3078 3443 3145 3486 εν

743 3515 892 3603 (leg.
939 3515 1011 3579 ἐν
1024 3516 1542 3606 διατρίβομεν)
1605 3527 1734 3594 τοῖς
1782 3525 2078 3604 Τρωΐκοῒς
2142 3523 2248 3588 καὶ
2297 3529 2613 3606 Περσικοῖς
2638 3572 2658 3598 ,
2714 3523 2799 3588 δι’
2854 3520 2959 3589 ὧν
3014 3525 3149 3592 ἔστι

738 3616 1151 3688 πυνθάνεσθαι
1228 3615 1350 3697 τάς
1411 3622 1653 3690 ἐκείνων
1708 3625 2036 3709 συμφοράς
2103 3623 2227 3713 leg.
2298 3625 2381 3705 ἐξ
2447 3626 2523 3694 ὧν
2541 3679 2559 3707 ,
2629 3635 2695 3694 et
2764 3625 3151 3697 Panathen.

741 3729 874 3794 268
933 3724 1105 3817 (pag.
1143 3728 1274 3794 525
1334 3728 1554 3818 Bssxx.)
1618 3729 1853 3800 ἐδέοντό
1909 3755 2031 3813 μου
2076 3732 2182 3799 καὶ
2230 3733 2671 3813 συνεβούλευον
2715 3733 2816 3814 μὴ
2866 3753 3161 3802 maae-

739 3840 882 3899 πεῖν
920 3833 1110 3900 αὐτὸν
1144 3835 1416 3914 ipen-sai?
1446 3835 1594 3916 μηδ’
1640 3835 2163 3920 ‹zamram-ov
2204 3836 2325 3924 leg.
2361 3835 2983 3929 ἀνεξέργαστον.
3026 3837 3095 3931 S
3124 3843 3161 3906 8

743 3941 958 4006 sermo
1003 3943 1103 4034 est
1140 3935 1221 4004 de
1265 3937 1542 4006 mirifico
1574 3939 1701 4007 isto
1733 3961 1969 4030 genere
2010 3942 2244 4009 vitium
2265 3992 2286 4021 ,
2332 3961 2460 4028 quo
2494 3941 2807 4011 mulieres
2856 3963 3169 4033 superne

739 4040 1060 4110 formosae
1096 4043 1166 4109 in
1211 4041 1486 4110 viridem
1521 4052 1586 4112 et
1625 4066 1919 4115 crassum
1964 4053 2275 4116 truncum
2308 4043 2703 4115 desinebant.
2764 4051 3174 4128 Τοιαύτη,

739 4145 922 4214 addit
957 4147 1258 4215 Lucmus
1280 4198 1300 4228 ,
1345 4152 1495 4233 παρ’
1539 4151 1688 4232 ἡμῖν
1719 4154 1833 4230 τὴν
1878 4151 2149 4240 Δάφνην
2186 4151 2535 4238 γράφουσιν
2558 4152 2701 4238 ἄρτι
2746 4161 2876 4222 τοῦ
2904 4157 3179 4224 ’Aa-da-

737 4267 925 4328 λωνος
965 4251 2354 4342 καταλαμβάνοντοςἀποδενδρουμένην.
2405 4257 2559 4325 Plus
2590 4277 2794 4346 quam
2850 4257 3032 4329 clici
3078 4280 3181 4348 po·
3239 4307 3241 4314 ·

739 4364 869 4424 test
911 4375 1499 4452 supervacaneum,-
1545 4381 1628 4429 ne
1678 4362 1891 4431 dicam
1938 4361 2293 4454 absurdum
2311 4415 2329 4443 ,
2376 4371 2476 4431 est
2528 4363 2708 4432 istud
2754 4368 3195 4434 sententiae

741 4458 926 4548 fungi
995 4464 1204 4532 instar
1254 4465 1608 4534 adhaerens
1675 4467 2057 4537 vocabulum
2121 4467 2769 4552 ἀποδενδρουμὲνη
2792 4495 2859 4558 ν.
2994 4468 3205 4556 Quod

617 4659 627 4674 .
741 4562 1010 4632 librario
1074 4568 1460 4651 reseramuS,
1513 4571 1639 4637 eui
1690 4573 1885 4641 istud
1951 4571 2244 4641 vocabuli
2302 4582 2528 4658 χρῆμα
2573 4573 2881 4656 vepris-mv
2936 4597 3211 4664 accep-

742 4677 886 4737 tum
947 4669 1274 4742 debemus,
1369 4675 1643 4745 Gravius
1692 4699 1733 4748 a
1788 4677 2073 4766 librariis
2133 4679 2453 4750 saevitum
2495 4687 2595 4748 est
2653 4679 2723 4746 in
2776 4679 2841 4770 S
2910 4689 3035 4762 9;
3092 4680 3218 4752 ubi
