3267 5567
763 472 1114 547 Lenmvnn
1153 495 1268 543 vm
1319 478 1711 545 Vncxmana
1760 452 1835 545 ea
1884 480 2127 547 linistis.
2552 489 2637 553 65

251 682 292 737 η
313 712 334 741 ,
386 652 501 727 sed
537 666 599 725 et
639 682 688 721 a
727 664 792 723 et
831 681 898 721 ευ
952 657 1326 742 saepissime
1372 654 1639 723 confusa
1692 655 2001 744 exemplis
2054 656 2475 725 ostenderunt
2524 661 2627 728 Al-

253 768 434 835 herti
471 764 546 831 ad
591 761 794 831 Gloss.
843 781 902 847 p.
951 765 1080 827 180
1127 766 1192 827 et
1239 757 1537 829 D’Orvill.
1577 759 1727 829 obs.
1774 760 2034 831 Miscell.
2074 764 2163 831 IX
2206 784 2268 851 p.
2302 769 2449 831 110.
2519 765 2625 831 Ri-

255 872 474 951 dehis,
513 870 684 946 scio,
731 868 892 933 haec
936 886 1080 933 mea
1124 870 1674 947 λεπτολογήματα
1692 917 1711 941 ,
1763 875 1830 934 et
1866 888 2021 935 saue
2056 873 2293 947 γλαῦκ’
2329 872 2415 945 εἰς
2464 873 2623 947 Aoni-—

254 1004 383 1053 νας.
462 973 617 1055 ‚Sed
661 992 848 1051 vero,
894 972 1286 1039 amicissime
1339 974 1440 1053 ztir
1462 1023 1482 1049 ,
1538 972 2147 1042 Hemsterhusianae
2198 978 2625 1043 correctiones

249 1084 406 1151 adeo
448 1077 620 1147 mihi
663 1076 924 1164 quidem
972 1074 1534 1145 videntur-coctae
1572 1083 1639 1145 et
1686 1077 2033 1145 meditatae
2056 1129 2077 1158 ,
2122 1086 2197 1145 ut
2242 1093 2467 1147 earum
2516 1081 2627 1147 vix

247 1189 382 1255 ulla
419 1206 578 1253 cum
616 1183 754 1249 veri
792 1182 1005 1269 specie
1036 1180 1410 1249 labefactari
1453 1200 1641 1269 posse
1677 1181 1993 1251 videatur.
2087 1182 2326 1271 Opinor
2366 1185 2455 1251 Te
2492 1187 2625 1253 iam

253 1312 434 1359 nunc
496 1289 816 1374 accepisse
877 1286 1140 1354 Plutum
1217 1285 1757 1374 Aristophaneum
1783 1338 1802 1367 ,
1870 1308 1998 1375 qua
2059 1287 2339 1358 editione
2408 1291 2583 1359 nulla
2606 1340 2626 1369 ‚

261 1402 576 1483 quantum
627 1393 856 1481 opinor
876 1441 896 1470 ,
958 1390 1226 1458 nitidior
1287 1410 1326 1458 a
1377 1393 1622 1459 renatis
1670 1391 1911 1461 litteris
1967 1394 2041 1459 in
2097 1394 2311 1462 lucem
2363 1395 2621 1483 prodiit.

273 1501 522 1567 Memini
581 1519 686 1565 me
746 1497 987 1585 optimo
1031 1504 1254 1565 nostro
1321 1494 1582 1563 Reiskio
1639 1496 1983 1585 aliquando
2032 1499 2383 1567 tradid'ssse.
2430 1500 2583 1567 folia
2600 1546 2623 1580 ‚

267 1624 422 1693 quae
463 1613 608 1671 tum
660 1600 952 1691 praelum
1001 1601 1262 1669 fuerant
1299 1600 1613 1677 eluctata;
1659 1604 1907 1693 reliqua
1953 1606 2211 1673 mittam
2266 1606 2401 1672 sive
2444 1626 2483 1673 a
2508 1606 2621 1672 bi·

255 1709 524 1799 bliopola
571 1716 858 1796 repetam
885 1758 904 1785 ,
961 1726 1167 1795 quum
1222 1726 1579 1794 cognovero
1600 1758 1619 1786 ,
1665 1708 1748 1776 ad
1806 1729 2001 1797 quam
2056 1730 2261 1797 usque
2317 1713 2623 1799 paginam
2648 1754 2665 1775 .

245 1818 466 1905 priora
505 1814 615 1881 illa
645 1814 1057 1902 pertingant:
1093 1814 1286 1879 cuius
1316 1814 1414 1879 rei
1447 1832 1554 1880 me
1589 1833 1785 1901 quam
1809 1817 2095 1903 primum
2128 1836 2243 1903 per
2260 1826 2619 1903 ,cognatum

244 1940 534 1999 meum,a
548 1940 675 2007 quo
691 1920 870 1986 brevi
893 1918 1146 1985 litteras
1159 1926 1479 2005 exspecto,
1495 1918 1837 1987 certiorem
1850 1919 2061 1987 facere
2082 1941 2209 1989 non
2228 1923 2617 2007 gravaberis.

347 2025 902 2094 correctiunculas
955 2023 1052 2113 [in
1089 2022 1251 2090 Plat.
1294 2023 1460 2091 Tim.
1507 2044 1570 2111 p.
1617 2030 1723 2091 ⁷3.
1770 2026 1825 2093 Β
1864 2034 1931 2093 et
1970 2031 2052 2092 74
2092 2026 2167 2114 B]
2222 2035 2476 2093 nostras
2514 2028 2617 2093 Ti·

250 2134 321 2199 bi
385 2152 514 2199 non
571 2130 979 2218 displicuisse
1033 2128 1336 2217 equidem
1395 2127 1618 2196 laetor.
1725 2130 1818 2197 De
1878 2130 2081 2198 altero
2138 2130 2278 2197 loco
2336 2130 2619 2199 Platonis

245 2241 610 2306 etiamnum
657 2235 985 2305 addubito.
1081 2233 1222 2301 Tua
1271 2236 1339 2301 in
1385 2235 1705 2326 Hesychio
1749 2237 2065 2305 correctio
2110 2236 2203 2303 ita
2244 2234 2489 2324 placet,
2546 2246 2621 2305 ut

241 2346 432 2412 clara
493 2352 712 2411 tamen
772 2340 1070 2409 veritatis
1113 2338 1259 2407 luce
1306 2341 1598 2409 animum
1654 2342 1933 2411 necdum
1964 2341 2173 2419 feriat.
2265 2344 2511 2427 Λεπρόν
2554 2350 2623 2410 et

235 2451 484 2519 *aem-Au
529 2446 834 2517 vocabula
871 2447 1070 2515 unius
1087 2497 1106 2524 ‚
1174 2444 1344 2533 quod
1403 2446 1873 2516 Grammaticos
1912 2468 2039 2515 non
2078 2447 2271 2516 latuit
2286 2498 2305 2528 ,
2352 2450 2623 2538 originis

249 2559 322 2624 in
371 2576 496 2623 una
533 2554 688 2622 sede
723 2553 876 2641 poni
914 2568 1044 2618 non
1083 2550 1402 2630 mirabar,
1446 2560 1630 2621 ratus
1668 2573 1892 2621 vocem
1930 2553 2253 2621 Μυστικόν
2296 2576 2446 2623 esse.
2482 2574 2621 2623 cor·

243 2662 604 2749 rigendam.
700 2660 1018 2747 Leprosus
1057 2674 1269 2724 nonne
1315 2658 1372 2723 is
1419 2656 1647 2725 itidem
1674 2660 1949 2736 λεπτόςς
1999 2660 2075 2727 ln
2116 2660 2338 2746 Longo
2372 2660 2618 2749 perpla-

239 2775 350 2833 cet
388 2766 606 2833 Tuum
645 2763 1036 2845 ἔπελύγιζεν.
1129 2760 1205 2828 In
1242 2762 1518 2848 singulis
1553 2763 1739 2831 libris
1776 2762 2085 2850 leguntur
2120 2767 2475 2849 composita
2506 2766 2617 2831 ali·

243 2872 318 2936 bi
356 2890 486 2937 non
531 2870 734 2943 lecta:
790 2868 912 2935 hoc
947 2885 1142 2936 mane
1179 2866 1554 2935 tractabam
1601 2869 1671 2933 in
1715 2867 2014 2935 Lectione
2070 2866 2327 2954 publica
2364 2868 2619 2955 Lysidis
2648 2907 2653 2914 -

253 2974 472 3039 locum
491 3023 509 3051 ,
553 2972 667 3039 uhi
702 2972 916 3039 editur
963 2971 1132 3060 apud
1177 2970 1603 3039 Iamblichum
1664 2992 1727 3059 p.
1768 2975 1855 3037 64
1915 2970 1958 3037 l.
1997 2974 2077 3038 17
2124 2970 2448 3057 ἠφάνισεν.
2518 2971 2616 3038 lbi

255 3097 480 3147 veram
518 3078 856 3145 lectionem
893 3095 931 3145 a
965 3077 1294 3145 communi
1348 3075 1490 3145 labe
1533 3078 1847 3145 intactam
1885 3075 2277 3162 ἕποιφάνιξεν
2330 3094 2615 3145 asserva·

245 3187 351 3252 vit
399 3182 611 3251 Codex
648 3182 762 3249 Ms.
810 3182 1343 3271 Franequeranus
1366 3233 1386 3261 ‚
1433 3203 1471 3250 e
1513 3204 1643 3271 quo
1692 3181 2180 3251 emaculandam
2226 3182 2441 3251 sumsi.
2483 3186 2611 3271 epi·

241 3290 478 3360 stolam
518 3288 806 3379 Lysidis,
848 3288 1040 3355 cuius
1081 3286 1284 3355 ductu
1320 3288 1560 3357 veteris
1601 3288 1891 3377 Linguae
1922 3286 2203 3358 Graecae
2248 3287 2611 3375 analogicas
2660 3274 2665 3283 ⁴

237 3398 528 3466 rationes
567 3412 861 3463 eruerem
879 3444 898 3472 ,
955 3401 1022 3462 et
1068 3412 1288 3461 coram
1336 3394 1741 3463 auditoribus
1785 3396 1949 3462 meis
1994 3396 2425 3485 explanarem.
2518 3396 2611 3463 De

239 3507 382 3572 loco
411 3501 680 3569 'Aeliani
728 3500 805 3567 V.
846 3497 923 3567 H.
964 3498 1084 3566 XII
1127 3520 1186 3567 c.
1224 3503 1308 3567 52
1371 3500 1466 3567 ita
1511 3500 1753 3577 sentio,
1800 3519 2005 3567 unum
2064 3500 2396 3567 Reiskium
2444 3501 2609 3566 anti-

243 3630 439 3699 quam
471 3608 717 3675 Aeliani
755 3605 1150 3692 scripturam
1189 3604 1372 3671 nobis
1409 3604 1776 3671 reduxisse:
1824 3606 1927 3671 καὶ
1952 3606 2097 3687 »γὰρ
2132 3606 2368 3679 ἐκείναις
2394 3654 2415 3679 ,
2464 3607 2611 3680 τοὺς

245 3718 374 3782 xvi.
469 3713 854 3780 Atticismus
907 3719 1005 3778 est
1051 3710 1552 3778 venustissimus
1573 3760 1592 3789 ,
1654 3718 1721 3775 et
1764 3717 1840 3775 ut
1891 3708 2221 3797 equidem·
2250 3709 2529 3787 arbitror
2566 3730 2607 3775 a
2684 3744 2692 3749 -

241 3820 468 3907 paucis
507 3816 1014 3885 animadversus
1110 3814 1364 3903 Optime
1395 3814 1725 3902 Sophoclis
1777 3814 1989 3881 locum
2029 3812 2199 3879 idem
2234 3813 2342 3881 ille
2388 3823 2609 3897 noster

240 3924 610 4013 persanavit
649 3922 718 3987 in
755 3918 906 3988 Oed.
953 3918 1083 3987 Col.
1129 3939 1189 3985 v.
1227 3924 1356 3987 907
1383 3944 1397 3987 ε

511 4032 646 4093 Νῦν
692 4026 744 4091 δ’
789 4023 1246 4109 ὥσπεραύτὸς
1294 4026 1434 4099 τοὺς
1483 4023 1701 4104 νόμους
1748 4025 1976 4099 εἰσῆλθ’
2024 4022 2185 4104 ἔχων

511 4132 830 4199 Τούτοισιν
875 4134 982 4198 οὐκ
1029 4128 1310 4197 ἄλλοισιν
1357 4132 1834 4213 aimon-ohaam.

335 4240 508 4305 Alias
545 4237 765 4325 plura,
806 4257 980 4305 nunc
1020 4237 1258 4303 desino.
1354 4235 1544 4316 Vale,
1590 4236 2027 4305 eruditissime
2060 4233 2423 4312 Bernardet,
2462 4254 2603 4301 me-

237 4362 364 4432 que
401 4346 616 4411 Tuum
665 4362 828 4411 ama.
925 4344 1165 4411 Dabam
1221 4342 1490 4429 Franeq.
1542 4342 1600 4407 d.
1648 4364 1817 4410 xxvu
1850 4342 2146 4409 Novemb.
2206 4346 2394 4407 1744.

2136 4661 2169 4723 ἔ
