3267 5567
232 508 367 575 111.
412 493 769 574 Vnumnnhn
796 526 911 571 vm
940 505 1117 570 Tuos.
1154 541 1245 554 —-
1279 525 1359 570 iv.
1390 525 1506 572 um
1531 505 1780 573 Hmmv.
1806 541 1898 556 —-
1924 527 1980 572 v.
2017 527 2136 575 ιιιιί·
2161 507 2420 577 Amnis.
2493 515 2609 580 121

220 686 457 770 eenige
506 682 933 768 zwarigheid,
979 682 1136 750 daar
1181 679 1261 749 de
1300 681 1538 749 andere
1574 683 1909 770 Inscriptt.
1957 685 2026 750 in
2071 681 2172 750 dit
2207 685 2424 774 opzigt
2467 687 2610 757 dik-

220 791 405 878 wijls
450 789 859 856 verschillen.
955 786 1431 855 Bovenstaande
1471 787 1872 874 invullingen
1910 788 2171 877 volgens
2203 810 2268 858 ιι.
2305 797 2482 860 5049
2528 813 2610 860 en

222 920 293 964 n.
324 901 521 964 5058.
618 895 727 960 Vs.
760 898 836 961 11
890 893 1095 961 houdt
1124 892 1236 960 het
1266 891 1565 960 afschrirt
1597 893 1742 960 zieh
1779 893 1980 962 nader
2009 915 2134 962 aaa
2170 896 2284 963 het
2317 895 2610 965 Cretisch

226 1004 359 1070 dan
409 1001 489 1069 de
529 1000 672 1068 drie
716 999 919 1066 boven
964 996 1313 1084 genoemde
1361 999 1716 1086 Inscriptt„
1761 999 1968 1068 welke
2007 1001 2128 1069 alle
2163 1003 2306 1077 τοὺς
2335 1002 2608 1085 ἔχόντας

224 1107 459 1174 bieden
476 1158 497 1186 ‚
570 1105 809 1192 terwijl
861 1104 941 1170 de
984 1124 1143 1170 onze
1196 1105 1300 1178 τὸς
1348 1103 1617 1186 ἐχόντας
1664 1103 1857 1174 heeft.
1961 1105 2106 1173 Men
2165 1106 2351 1173 vindt
2408 1106 2608 1176 dezen

226 1234 418 1280 vorm
456 1211 694 1279 sleehts
734 1209 958 1278 enkele
994 1208 1209 1276 malen
1255 1209 1323 1274 in
1359 1228 1519 1276 onze
1554 1209 1924 1298 Inscriptt.;
1971 1230 2084 1277 τοο
2119 1210 2181 1278 h.
2208 1232 2266 1277 v.
2316 1231 2380 1278 n.
2409 1217 2607 1280 5052.

226 1324 323 1385 55
375 1316 650 1401 προξένοις
703 1335 859 1384 voor
902 1314 1241 1398 προξένους.
1350 1313 1486 1382 Ook
1532 1315 1601 1380 in
1647 1313 1773 1381 den
1816 1313 2168 1402 volgenden
2216 1316 2389 1404 regel
2433 1316 2610 1384 heeft

229 1424 399 1490 deze
449 1424 787 1511 Inscriptie
834 1439 993 1488 eene
1046 1418 1613 1506 eigenaardigheid
1665 1440 1790 1488 van
1841 1420 1952 1488 het
1991 1421 2318 1490 Cretisehe
2364 1421 2607 1490 dialekt

224 1527 603 1607 behouden,
647 1527 857 1594 welke
889 1528 955 1592 in
986 1524 1066 1592 de
1103 1526 1360 1612 overige
1395 1524 1786 1594 verdwenen
1819 1527 1904 1606 is,
1953 1547 2124 1594 nam.
2165 1527 2390 1604 ἐόντες.
2482 1528 2608 1597 Het

225 1635 481 1718 ἔρρωσθε
517 1653 641 1700 aan
679 1633 791 1700 het
828 1630 955 1699 slot
998 1630 1183 1696 vindt
1226 1651 1375 1698 men
1422 1630 1541 1697 ook
1580 1630 1668 1717 bij
1719 1651 1782 1698 ιι.
1813 1637 1988 1701 2557
2005 1683 2025 1712 ,
2063 1637 2240 1700 5050
2285 1653 2366 1700 en
2405 1637 2604 1702 5052.

236 1740 388 1808 Wat
435 1737 745 1825 eindelijk
791 1736 870 1803 de
914 1736 1281 1804 heteekenis
1316 1757 1445 1804 van
1490 1735 1569 1804 de
1617 1736 1892 1805 formule
1929 1741 1981 1805 εἰ
2022 1738 2088 1804 δέ
2126 1763 2288 1812 τινες
2333 1741 2467 1806 xri.
2517 1739 2606 1818 is,

226 1846 359 1912 kan
404 1842 755 1910 voldoende
814 1843 1037 1928 gezien
1095 1843 1361 1910 worden
1414 1841 1515 1908 uit
1575 1843 1820 1910 Bficlffls
1878 1843 2346 1930 aanteekening
2397 1864 2479 1932 op
2539 1864 2605 1912 ιι.

230 1955 445 2017 5048:
495 1951 642 2032 »Τῷ
690 1947 1171 2032 παραγενομένῳ
1209 1947 1467 2014 videtur
1504 1946 1585 2014 de
1626 1967 1703 2014 eo
1747 1968 1886 2016 esse
1910 1999 1928 2027 ,
1975 1949 2092 2035 qui
2138 1948 2386 2015 Istrone
2431 1948 2606 2038 (Hie-

234 2052 605 2142 flammae)
654 2052 1148 2141 deprehenderit
1193 2052 1714 2139 delinquentem;
1777 2071 1928 2120 nam
1987 2052 2448 2136 παραγενέσθαι
2509 2073 2608 2121 re·

233 2159 488 2228 „fertur
528 2159 663 2226 fere
700 2158 781 2226 ad
826 2157 1039 2226 locum
1063 2209 1083 2238 ,
1130 2158 1243 2226 uhi
1288 2157 1623 2226 decretum
1675 2156 1924 2226 factum
1975 2164 2076 2224 est
2097 2207 2118 2236 ,
2163 2164 2240 2222 ut
2285 2177 2350 2224 ιι.
2393 2163 2606 2236 5049,

229 2271 447 2334 »5051
500 2265 642 2332 init.
738 2262 836 2331 Ad
872 2263 1243 2344 ἀποδιδόμεν
1290 2263 1516 2352 supple
1559 2263 1753 2333 αὐτοὶ.
1849 2262 2090 2351 Nempe
2135 2262 2380 2342 cosmi,
2436 2271 2606 2351 post-

227 2391 469 2460 „quam
516 2389 713 2438 eausa
751 2368 832 2435 ad
879 2370 1052 2458 ipsos
1094 2367 1307 2437 delata
1342 2376 1445 2436 est
1466 2420 1486 2448 ,
1532 2389 1716 2450 eum,
1762 2369 1878 2458 qui
1923 2375 2146 2458 erepta
2189 2369 2396 2436 actori
2437 2368 2604 2438 hona

228 2477 535 2555 „haheat‚
592 2494 827 2562 eogere
873 2473 1107 2542 dehent
1152 2482 1228 2542 ut
1271 2471 1529 2553 reddat,
1590 2475 1649 2541 si
1693 2495 1768 2542 ea
1815 2493 1942 2542 non
2003 2481 2227 2562 sponte
2282 2474 2608 2543 dimiserit

229 2587 359 2666 »τῷ
406 2581 915 2663 ἕπιλαβομένῳ.”

1402 2814 1463 2856 v.

340 3003 433 3070 De
486 3003 725 3069 tweede
782 3003 965 3071 dezer
1011 3001 1383 3088 Inscripties
1436 2997 1601 3064 luidt
1648 2999 1716 3060 in
1777 2993 1888 3061 het
1933 2993 2231 3063 afsehrift
2299 3015 2420 3062 van
2478 2993 2600 3064 den

229 3108 514 3177 Italiaan
562 3107 655 3174 als
699 3107 891 3194 volgt:

512 3239 857 3282 καιτοντινα
886 3257 2252 3280 ...............................

508 3373 523 3388 .
551 3369 566 3386 .
596 3371 610 3388 .
638 3373 655 3386 .
682 3323 1021 3401 σομεθακαι
1051 3371 1066 3386 .
1093 3341 1608 3398 παινωμεναιουικ
1638 3365 1877 3383 ......
1882 3304 1921 3381 ’.
1952 3365 1967 3379 .
1999 3365 2013 3381 .
2043 3365 2058 3381 .
2095 3367 2110 3381 .

502 3425 1053 3504 ξωςκαικαταξιωσ·
1079 3478 1094 3491 .
1124 3477 1138 3491 .
1170 3477 1183 3490 .
1211 3449 1271 3489 so
1300 3472 1724 3490 ..........
1752 3445 2098 3488 εστακαστ.

509 3585 523 3598 .
553 3583 568 3598 .
598 3585 612 3598 .
640 3557 1109 3615 κενωνκαιπαρα
1138 3577 1602 3595 ...........
1630 3551 1798 3594 xxm
1829 3575 2252 3591 ..........

414 3644 453 3703 5
501 3640 931 3712 τωιθεωικαιτη
960 3681 1838 3702 ....................
1864 3655 2055 3710 μνκαι
2085 3680 2282 3696 .....

510 3794 525 3810 .
556 3795 571 3808 .
602 3795 617 3808 .
644 3757 1389 3824 ιεμενασυλονκυντεκαιει
1397 3784 2092 3803 ................

506 3870 963 3930 παντακαιπειρ
990 3897 1006 3913 .
1035 3896 1051 3912 .
1077 3845 1988 3927 ωμεναειτινοσαγαθωπαραιτι
2015 3891 2030 3905 .
2059 3889 2076 3905 .

503 3954 1233 4033 μινθεσθαιτωιδαμωικαι
1264 4002 1277 4017 .
1312 4003 1327 4018 .
1355 3947 2012 4017 οιναικαιιδιαισανδετι
2089 4001 2098 4010 ,

506 4062 1667 4139 νεσαγωντιθηιοσητωσκαταικοντασπ
1696 4105 1710 4120 .
1743 4103 1758 4119 .
1787 4076 1969 4133 αυγοι
1999 4100 2014 4117 .

372 4169 459 4230 10
504 4168 1817 4247 οικοσμοικαιαλασοβουλομενοσαπτεραιων
1844 4211 1858 4229 .
1889 4212 1902 4228 .
1934 4211 1947 4226 .

503 4273 1492 4356 ιωναφελομενοικαιαποδιδοντεσ·
1520 4319 1762 4338 ......
1784 4319 1806 4344 ,.
1839 4320 1852 4334 .
1883 4320 1896 4334 .
1929 4319 1942 4334 .

502 4385 1258 4464 υοιςκυριοιστωνεψηφιστ
1284 4425 1891 4445 ..............

501 4483 1255 4573 βορθιῳμηνοσδυκτινναιο
1279 4524 2154 4550 ....................

320 4587 628 4672 Ingevuld
676 4589 842 4658 luidt
882 4592 979 4658 dit
1023 4590 1343 4676 fragment
1391 4608 1704 4675 ongeveer
1749 4586 1961 4653 aldus:

2127 4693 2150 4728 ⁹
