3267 5567
1132 467 1434 537 Anscnru
1499 483 1656 536 vm.
2468 475 2597 540 575

278 637 385 711 47,
440 633 537 702 Vit.
580 637 817 728 Aesch.)
869 640 980 707 ubi
1013 649 1078 709 et
1119 645 1412 732 sepultus
1455 653 1555 714 est
1599 644 1853 737 (Epiqr.
1898 647 2105 733 ipsius
2141 647 2445 715 Asscnru
2488 667 2592 736 ap.

280 733 388 804 Vit.
425 741 648 822 Aesck„
692 743 778 813 cs.
824 747 1003 814 PAns.
1055 748 1102 813 1.
1146 754 1230 814 14
1268 749 1318 838 S
1346 750 1436 838 4),
1480 757 1672 818 natus
1714 771 1917 818 annos
1948 757 2037 819 69
2082 759 2149 820 et
2188 772 2443 820 menses
2480 751 2595 820 ali-

269 851 446 928 quot,
495 845 698 916 Gelam
751 851 968 930 enim,
1017 853 1084 918 in
1123 855 1474 940 pristinum
1514 857 1711 922 amici
1757 856 2049 924 Hmnoms
2092 875 2411 944 regnum,
2456 877 2598 926 sese

261 956 392 1034 post
421 950 718 1022 iudicium
751 957 1070 1042 recepisse
1097 957 1420 1026 videtur¹⁰
1470 959 1576 1050 (cf.
1616 957 1883 1028 Wnncx.
1926 981 1989 1049 p.
2013 967 2143 1029 519
2167 962 2356 1051 sqq..)

340 1055 552 1144 Inepta
599 1068 696 1127 est
747 1063 1034 1128 narratio
1093 1063 1172 1131 de
1237 1066 1380 1132 eius
1436 1071 1647 1131 morte
1699 1084 1814 1151 per
1870 1065 2308 1146 testudinem,
2398 1087 2596 1154 quam

255 1161 471 1227 merito
518 1165 926 1252 exploserunt
982 1168 1322 1248 Lnnnsms,
1394 1170 1827 1248 annnRUS,
1886 1167 2197 1237 Benexms
2254 1171 2323 1238 in
2392 1171 2599 1248 diario

252 1260 459 1333 Rheessn
512 1266 670 1340 Mus.
731 1276 789 1360 s.
830 1272 892 1338 d.
956 1273 1193 1341 Philol.
1287 1275 1378 1342 De
1442 1273 1695 1342 fabulae
1746 1271 1899 1340 vero
1966 1276 2217 1362 origine
2275 1275 2435 1344 haec
2499 1285 2599 1346 est

245 1367 700 1456 pulcherrima,
793 1377 905 1445 sed
993 1380 1216 1448 eadem
1301 1380 1738 1448 audacissima
1820 1379 2073 1446 Beuum
2172 1381 2595 1451 coniectura.

252 1475 450 1561 aquila
500 1499 646 1548 cum
717 1483 1060 1553 testudine·
1107 1485 1424 1552 emblema
1493 1492 1590 1553 est
1638 1491 1703 1551 et
1752 1483 2117 1573 symbolum
2162 1487 2597 1573 aggressionis
2650 1509 2669 1522 ·

235 1589 474 1664 praeter
517 1605 698 1675 spem
764 1587 972 1656 felicis
997 1640 1016 1669 ,
1085 1597 1162 1657 ut
1215 1590 1432 1678 aquila
1487 1610 1640 1657 cum
1702 1587 1981 1668 dracone
2036 1592 2417 1677 necopinato
2482 1591 2593 1660 ad·

234 1702 468 1758 versam
512 1693 779 1759 indicat.
873 1695 1014 1760 Iam
1067 1695 1272 1780 potuit
1332 1693 1492 1768 illud
1519 1727 1528 1730 -
1555 1692 2031 1779 quodammodo
2088 1713 2243 1760 cum
2288 1696 2593 1764 Anscmr

231 1791 355 1858 vita
397 1793 736 1864 cohaerere
758 1847 776 1873 ,
819 1799 1026 1884 potuit
1077 1797 1249 1863 idem
1295 1817 1671 1884 expressum
1721 1815 1863 1864 esse
1909 1797 1991 1862 in·
2028 1797 2329 1866 Anscmr
2374 1801 2589 1888 sepul-

229 1893 378 1962 chro
435 1901 605 1987 quod
661 1900 848 1968 Gelae
890 1901 1090 1970 fuisse
1137 1902 1381 1968 scimus
1403 1952 1422 1980 ,
1492 1921 1723 1989 nempe
1782 1900 2000 1988 aquila
2066 1923 2219 1969 cum
2262 1905 2591 1975 testudine

223 2017 408 2088 supra
463 2006 797 2073 sedentem
851 2015 1142 2095 poetam,
1212 2027 1290 2075 ex
1361 2026 1489 2095 quo
1555 2006 1781 2074 eodem
1850 2004 2027 2074 fonte
2086 2007 2429 2094 βιογριέφοι
2479 2029 2587 2100 po·

224 2112 470 2177 tuerant
525 2111 827 2192 haurire,
897 2113 1200 2178 Ansenm
1255 2119 1448 2199 caput
1511 2111 1835 2178 calvitiem
1896 2113 2313 2182 contraxisse.
2428 2115 2585 2186 Inde

223 2211 417 2298 igitur
458 2215 677 2284 fabula
735 2225 876 2286 orta
899 2267 918 2296 ,
981 2223 1055 2283 ut
1123 2219 1303 2284 nasci
1371 2217 1577 2285 solent
1623 2238 1659 2284 e
1716 2218 2175 2284 monumentis,
2290 2219 2583 2308 Ingenio-

223 2319 466 2390 sissime
534 2342 693 2389 sane
761 2330 831 2390 et
895 2343 1014 2410 pro
1073 2324 1328 2390 Beuum
1381 2323 1736 2410 sagacitate
1796 2324 2160 2410 excogitata
2204 2333 2361 2391 sunt
2420 2326 2581 2394 haec

221 2427 466 2509 omnia,
525 2428 640 2494 sed
699 2429 846 2514 quis
925 2449 1052 2496 non
1115 2428 1333 2509 videt,
1401 2449 1518 2496 nos
1587 2431 1681 2496 ita
1734 2427 1962 2496 ludere
2018 2437 2085 2497 et
2146 2431 2333 2518 peius
2380 2433 2579 2502 etiam

216 2529 670 2601 Graeculorum
709 2535 1042 2622 magistris
1078 2535 1634 2618 αὐτοσχεδιάζειν,
1687 2534 1742 2600 si
1777 2534 1933 2601 talia
1978 2534 2191 2602 fidem
2204 2537 2572 2616 invenient,

217 2651 398 2721 quam
443 2649 711 2718 tamen,
780 2660 1006 2708 verum
1051 2643 1228 2708 enim
1274 2640 1564 2720 fatebor,
1631 2639 1735 2707 vel
1772 2639 1931 2707 haec
1972 2640 2260 2707 scribens
2306 2640 2577 2757 Benene

163 2827 166 2831 ¹
215 2738 520 2831 denegare
561 2747 674 2810 vix
719 2765 1002 2832 possum.

299 2847 434 2914 Duo
472 2855 723 2914 restant
772 2867 899 2913 non
947 2848 1028 2914 de
1079 2858 1480 2934 argumento‘
1481 2898 1502 2926 ,
1549 2847 1663 2914 sed
1700 2848 1781 2914 de
1834 2848 2086 2914 ratione
2130 2847 2327 2915 huius
2373 2851 2577 2937 ipsius

215 2951 580 3036 scriptionis
618 2949 956 3016 monenda.
1021 2950 1315 3018 Alterum
1352 2952 1472 3019 hoe
1519 2960 1661 3030 est,
1708 2953 1776 3017 in'
1807 2952 2188 3020 memoriam
2234 2973 2573 3034 revocare,

214 3070 404 3138 quam
459 3055 708 3120 incerta
753 3053 886 3120 sint
943 3056 1162 3122 omnia
1222 3075 1420 3143 supra
1467 3064 1788 3125 enarrata.
1884 3055 2066 3140 Quod
2126 3058 2323 3126 verbo
2372 3059 2572 3129 ahsol-

222 3232 541 3258 Ἢ

277 3351 344 3420 ¹0)
379 3351 538 3410 Plura
556 3354 828 3410 Asscnm
849 3351 1042 3410 itInera
1077 3371 1180 3410 non
1210 3363 1599 3426 memorantur,
1636 3353 1725 3411 sed
1752 3354 2051 3412 verisimilia
2071 3364 2198 3412 sunt
2217 3397 2237 3425 ,
2274 3355 2414 3431 quod
2441 3375 2573 3413 non·

204 3432 329 3494 (lum
355 3441 775 3499 animadversum
807 3461 914 3500 esse
949 3443 1129 3499 miror.
1165 3446 1298 3500 Nam
1317 3443 1399 3500 vel
1419 3443 1512 3520 qni
1541 3443 1695 3500 modo
1729 3444 2055 3500 consuluerit
2068 3444 2281 3502 tabulas
2303 3449 2570 3506 Klsrsnrl

204 3525 569 3606 Geographicas
605 3529 1450 3606 (TwogrwhischistfflscM
1485 3531 1644 3586 Atlas
1680 3551 1781 3586 von
1818 3529 2007 3587 Hellas
2034 3555 2089 3588 u.
2110 3533 2161 3588 d.
2197 3533 2572 3588 Hellenischeu'

205 3611 446 3674 colonien
479 3620 540 3674 c'n
575 3623 650 3674 24
687 3619 942 3673 Bliittern
967 3660 984 3687 ‚
1035 3621 1094 3671 2⁰
1129 3619 1441 3692 berichtigte
1469 3623 1657 3693 Ausg„
1702 3619 1881 3672 Berlin
1904 3657 1921 3686 ,
1984 3623 2158 3692 1851)
2195 3628 2379 3693 sponte
2414 3620 2572 3676 intel-

201 3699 362 3775 liget,
410 3707 693 3761 necessario
729 3705 796 3762 ab
833 3705 1040 3760 oculato
1077 3704 1295 3760 deinum
1333 3714 1469 3760 teste
1502 3705 1639 3760 locos
1674 3706 1800 3780 eligi
1830 3705 2059 3780 potuisse
2076 3742 2093 3772 ‚
2132 3705 2329 3784 quibus
2361 3708 2569 3783 (Agnm.

201 3791 523 3867 281—312)
558 3793 708 3868 ignes
739 3792 948 3850 accendi
982 3792 1206 3847 iusserat
1241 3796 1695 3850 Cnrnunnsru
1714 3795 1780 3850 ad
1800 3787 1996 3849 famam
2028 3795 2213 3850 Troiae
2248 3793 2451 3852 deletae
2486 3805 2573 3852 ex·

195 3878 504 3955 cipiendam.
541 3887 822 3952 Μακίςου
849 3883 1073 3948 σκοπάς
1113 3900 1186 3938 νε.
1204 3885 1316 3938 289
1352 3902 1455 3939 non
1493 3882 1795 3939 debuissent
1822 3885 1929 3940 VV.
1966 3887 2073 3938 DD.
2116 3882 2175 3938 in
2213 3892 2394 3939 monte
2430 3883 2573 3939 Atho

193 3989 476 4044 quaerere3
515 3983 580 4029 ut
609 3975 831 4050 singulis
867 3975 992 4032 locis
1029 3983 1084 4030 et
1108 3971 1196 4028 hic
1225 3971 1512 4048 interponit
1549 3975 1701 4046 poe'ta
1725 3971 2126 4034 intervallorum
2156 3971 2321 4028 etiem
2348 3973 2571 4029 mentio-

194 4077 349 4134 nem,
388 4065 608 4122 πόντον
635 4064 778 4121 inter
810 4065 988 4121 Athon
1019 4074 1076 4121 et
1105 4062 1328 4126 σκοπάς
1362 4079 1432 4116 vs.
1453 4064 1596 4127 236,
1645 4061 1917 4136 Euripum
1951 4079 2025 4116 vs.
2046 4063 2157 4116 289
2175 4060 2319 4118 inter
2346 4069 2571 4134 σκρπάς

192 4161 246 4206 et
281 4157 596 4212 Μεσάπιον
623 4153 683 4208 in
720 4155 945 4208 Boeotia
962 4187 979 4217 ‚
1021 4173 1178 4229 prope
1209 4151 1583 4208 Anthedonem,
1656 4154 1934 4222 Quantum
1970 4149 2115 4212 video
2134 4177 2157 4217 ,·
2193 4156 2409 4210 σκοπαὶ
2442 4159 2571 4212 Μα-

193 4245 370 4308 algon
407 4246 464 4314 (a
489 4244 765 4318 μήτις-ος)
793 4241 873 4296 nil
900 4259 1008 4297 esse
1037 4251 1254 4318 possunt
1285 4240 1385 4296 nisi
1421 4258 1687 4295 summum
1716 4240 1911 4296 montis
1948 4239 2257 4319 usmetun
2282 4255 2562 4310 cacumen,

189 4328 257 4386 de
303 4350 411 4409 quo
447 4331 512 4387 cf.
552 4336 742 4388 Snus.
789 4333 852 4386 Χ.
893 4334 936 4385 Ῑ.
959 4335 1030 4400 4,
1063 4351 1111 4406 p.
1133 4335 1240 4386 445
1261 4329 1297 4386 f.
1336 4330 1395 4384 in
1443 4327 1663 4386 Euboea
1699 4328 1766 4386 ed
1801 4339 1963 4406 caput
2003 4331 2161 4388 fluvii
2193 4334 2561 4398 Πάλλαντος,

184 4418 242 4475 in
276 4421 389 4496 ipso
424 4421 652 4477 termino
679 4419 792 4496 agri
812 4419 1196 4490 Histiaeorum3
1235 4419 1374 4476 unde
1408 4419 1548 4474 inter
1573 4418 1772 4476 insulas
1809 4419 2089 4478 Sciathum
2118 4432 2174 4479 et
2208 4424 2565 4500 Peparethum

180 4509 321 4567 l-iber
350 4519 434 4567 est
468 4510 568 4570 etsi
603 4509 932 4585 longinquus
949 4527 1126 4566 versus
1163 4509 1335 4566 Athon
1360 4517 1672 4584 prospectus.
