3267 5567
727 486 857 552 562
957 427 980 461 ο
1648 472 1955 538 Aescnvu
2019 487 2177 535 vin.

727 651 978 735 iocata,
1039 663 1114 722 ut
1165 671 1328 720 nova
1374 647 1693 738 proferam
1719 699 1738 726 ,
1790 645 1905 714 sed
1952 651 2026 712 ut
2088 661 2467 730 componam
2516 661 2589 710 ea
2636 643 2853 711 omnia
2875 694 2895 724 ,
2955 664 3113 732 quae

735 762 901 830 nulli
944 760 1222 848 amplius
1267 755 1655 824 dubitationi
1694 751 2001 820 videntur
2044 769 2185 817 esse
2228 747 2521 816 obnoxia.

827 866 1010 948 Quod
1055 874 1132 932 ut
1175 863 1432 952 planius
1470 859 1582 927 fiat
1603 909 1624 939 ,
1670 856 1889 926 tabula
1942 855 2229 942 primum
2289 854 2593 922 Anscnm
2638 856 2845 923 vitam
2890 876 2971 923 ex
3016 875 3107 924 or·

726 972 886 1040 dine
923 991 1068 1038 meo
1090 967 1462 1056 complexus
1485 985 1653 1032 sum.
1748 962 1925 1044 Quae
1962 979 2126 1028 nova
2171 959 2310 1046 ipse
2346 958 2609 1038 induxi,
2656 962 2919 1028 uncinis
2948 961 2997 1050 []
3028 963 3111 1029 si-

731 1077 1082 1166 gnificavi3
1125 1074 1239 1142 ubi
1292 1069 1545 1138 nullum
1591 1069 1957 1136 dissensum
2009 1065 2359 1144 annotavi,
2404 1067 2556 1132 steti
2597 1065 2723 1132 fide
2744 1066 3059 1136 Camoms
3079 1075 3109 1116 ³

733 1191 801 1252 et
838 1183 1209 1252 wammam.
1316 1175 1590 1244 Numeri
1634 1175 1704 1240 in
1750 1171 1986 1240 fabulis
2028 1169 2445 1238 Seenieorum
2492 1176 2647 1238 sunt
2686 1172 2997 1240 Dnmonm
3032 1173 3103 1240 in

728 1288 942 1357 Poetis
967 1285 1243 1355 Saeaieis
1271 1281 1608 1356 Graecis&
1654 1279 1840 1366 signo
1860 1281 1927 1316 *⁸
1977 1274 2259 1346 iudicavi
2305 1295 2413 1346 eos
2448 1274 2625 1346 locos
2660 1298 2909 1358 omnes,
2950 1297 3103 1365 quos

730 1412 860 1459 non
901 1393 1040 1480 ipse
1071 1410 1152 1457 ex
1192 1387 1350 1476 spsis
1387 1385 1572 1452 libris
1607 1383 1835 1462 hausi,
1881 1382 2039 1447 item
2076 1379 2275 1447 libros
2297 1431 2317 1460 ‚
2363 1401 2525 1467 quos
2563 1381 2727 1449 mihi
2758 1381 2941 1451 adire
2982 1403 3103 1449 non

731 1496 939 1564 licuit.
1035 1493 1157 1560 Ubi
1207 1496 1464 1578 praeter
1501 1489 1845 1556 Cum-ouen
1882 1493 1948 1554 et
1976 1486 2379 1553 Wssmifflmm
2424 1493 2720 1555 auctores
2752 1508 2881 1554 non
2922 1509 3107 1577 appo·

730 1621 816 1668 no
839 1651 860 1678 ,
914 1600 983 1665 in
1014 1597 1248 1684 vulgus
1273 1603 1425 1662 nota
1449 1594 1669 1672 trado,
1714 1598 1831 1658 aut
1867 1598 2184 1679 quantum
2208 1591 2343 1658 seio
2368 1610 2407 1658 a
2428 1611 2535 1659 me
2569 1590 2847 1678 profecta
2863 1615 2883 1669 ;
2919 1614 3107 1681 prae-

729 1715 910 1774 terea
952 1705 1022 1770 ia
1063 1701 1278 1770 tabula
1309 1689 1482 1767 locos
1505 1718 1690 1766 meae
1710 1698 2070 1765 sententiae
2116 1696 2529 1765 adversantes
2552 1697 2769 1776 omisi,
2814 1716 2934 1764 nee
2970 1699 3113 1765 nisi
3234 1691 3236 1710 “

727 1811 1052 1898 factorum
1091 1807 1554 1894 expositionem
1590 1802 1739 1874 dedi
1778 1812 1845 1873 et
1876 1810 2263 1891 argumenta
2300 1801 2538 1892 quibus
2580 1800 2685 1869 illa
2716 1801 3105 1872 niterentur.

821 1915 918 1983 Cf.
968 1911 1190 1982 tabula
1239 1931 1509 1980 annexa.

821 2022 1176 2089 Ansenvnus
1258 2017 1462 2106 igitur
1485 2067 1504 2094 ,
1577 2015 1621 2082 f.
1690 2015 2099 2082 Eumomoms
2122 2065 2142 2092 ,
2211 2011 2623 2080 Atheniensis
2644 2061 2665 2092 ,
2734 2013 3103 2091 Ἐλευσίνιος

728 2133 850 2195 τῶν
895 2127 1102 2207 δήμων
1162 2122 1264 2214 (V.
1310 2121 1534 2190 Aeseh.
1599 2120 1771 2188 male
1812 2120 1919 2188 τὸν
1964 2117 2179 2208 δῆμον)
2243 2118 2287 2185 i.
2336 2137 2392 2184 e.
2442 2137 2680 2204 genere
2703 2169 2724 2196 ‚
2769 2117 2873 2200 ’ἐξ
2914 2123 3104 2188 εὔπα-

728 2232 941 2316 orphan
990 2233 1104 2308 τὴν
1167 2228 1361 2312 Φύσιν
1408 2226 1572 2310 ἔχων
1634 2226 1741 2318 (V.
1789 2225 2011 2294 Aeseh.
2073 2224 2117 2291 l.
2161 2225 2235 2292 τὸ
2287 2223 2464 2305 γένος
2522 2223 2832 2308 ’κατάγων
2878 2245 2915 2293 e
2956 2225 3099 2294 Cod.

730 2334 912 2404 Leid.
955 2339 1076 2410 513
1119 2332 1239 2400 ult.
1287 2351 1425 2398 voe.
1475 2338 1575 2398 est
1607 2333 1678 2398 in
1708 2331 2067 2420 margine),
2110 2335 2305 2396 natus
2334 2337 2433 2397 est
2478 2328 2574 2398 01.
2608 2333 2718 2399 63.
2767 2337 2847 2412 4,
2894 2351 2933 2398 a
2960 2331 3104 2399 Chr.

727 2458 815 2504 n.·
839 2443 982 2532 525.
1075 2435 1250 2502 Fieri
1297 2442 1510 2522 potest
1569 2443 1646 2502 ut
1688 2434 1922 2516 fuerit,
1968 2435 2511 2524 quemadmodum
2548 2435 2743 2523 vulgo
2786 2435 3105 2517 traditur,

730 2542 934 2609 frater
978 2539 1272 2608 crimem
1317 2541 1431 2628 qui
1471 2538 1841 2607 Marathone
1886 2539 2143 2608 fortiter
2198 2561 2497 2634 pugnans
2536 2541 2851 2609 occubuit.
2943 2542 3113 2610 Fuit
3235 2587 3236 2630 ᾗ

727 2647 836 2715 ille
875 2647 1107 2714 saltem
1155 2645 1327 2714 filius
1375 2645 1787 2713 Eumoiuoms
1836 2645 2094 2736 (Hauon.
2134 2645 2241 2713 VI.
2296 2647 2451 2738 144)
2478 2698 2497 2727 ,
2560 2648 2686 2715 nisi
2731 2647 2849 2714 hoo
2883 2648 3109 2734 ipsum

727 2755 790 2822 ei
823 2753 1106 2842 opinioni
1147 2772 1372 2820 ansam
1411 2750 1625 2830 dedit,
1672 2769 1870 2838 quam
1902 2752 2075 2820 iusto
2106 2751 2420 2820 audacius
2456 2753 2820 2820 Benmunnr
2840 2759 2868 2804 ⁵
2914 2753 2994 2820 11.
3044 2775 3111 2842 p.

729 2865 866 2928 740
903 2858 1131 2927 salsam
1175 2859 1574 2947 pronuntiat.
1668 2857 1901 2926 Frater
1937 2858 2233 2938 Annum,
2304 2857 2419 2945 qui
2464 2858 2548 2925 ad
2594 2858 2977 2926 Salaminem
3030 2881 3116 2928 ex

726 2965 1032 3034 omnibus
1077 2962 1574 3032 Atheniensibus
1619 2972 1923 3047 πρωτεῖα·
1950 2965 2234 3052 aceepit,
2280 2971 2459 3031 certe
2502 2983 2631 3031 non
2669 2963 2799 3032 fuit
2842 2967 3117 3035 Aesont-

729 3091 875 3146 nus3
920 3077 1062 3136 erat
1107 3069 1282 3136 enim
1329 3068 1438 3135 ille
1473 3068 1846 3146 Παλληνεύς
1916 3069 2171 3162 (Hauon.
2213 3069 2381 3137 VIII.
2432 3074 2541 3137 84.
2590 3073 2715 3151 95,
2782 3069 2869 3139 cf.
2920 3071 3113 3146 O'nvn.

611 3197 616 3204 ·
729 3175 936 3242 Mum..
982 3175 1133 3241 Liu.
1189 3173 1510 3240 Gesehdl.
1559 3191 1622 3260 p.
1656 3178 1762 3240 78.
1814 3175 2001 3264 n.·1).

821 3280 1028 3346 Natus
1083 3297 1284 3345 annos
1331 3281 1414 3343 25
1441 3326 1460 3355 ,
1507 3278 1790 3362 primam
1835 3279 2233 3364 tragoediam
2295 3280 2429 3366 egit
2473 3288 2661 3368 poeta
2720 3280 2843 3374 (Ol.
2890 3287 3001 3350 70.
3052 3291 3116 3354 2.
3231 3271 3233 3336 Ϊ

739 3382 968 3469 Elaph.
1015 3382 1060 3446 i.
1089 3401 1144 3446 e.
1193 3381 1379 3447 Mart.
1411 3381 1569 3470 499)
1598 3431 1617 3459 ,
1665 3402 1791 3468 quo
1826 3383 1893 3448 in
1929 3384 2285 3450 certamine
2321 3385 2673 3462 Gnonmmu
2694 3395 2761 3454 et
2798 3387 3124 3466 Prummu
3231 3383 3233 3390 ’

736 3484 1026 3556 *aemulos
1071 3483 1319 3552 babuit.
1427 3485 1655 3554 Viator
1702 3485 1932 3554 saltem
1997 3509 2125 3555 non
2181 3477 2495 3576 prooessit
2517 3511 2621 3574 ‘ex
2668 3490 2788 3560 hae
2850 3506 3125 3567 eonten-

737 3594 916 3661 tione
939 3643 958 3672 ,
1013 3591 1172 3686 quin
1227 3591 1428 3659 immo
1471 3611 1592 3680 per
1644 3613 1849 3661 annos
1892 3598 1973 3662 15
2022 3595 2267 3662 nullam
2327 3596 2667 3664 victoriam
2734 3608 3125 3688 reportavit.

731 3698 920 3782 Quod
975 3699 1114 3792 ipse
1164 3717 1402 3784 magno
1457 3700 1675 3767 animo
1733 3697 1961 3768 tulisse
2006 3697 2267 3770 videtur
2288 3753 2307 3786 ‚
2364 3704 2424 3769 si
2474 3695 2699 3770 verum
2760 3713 2907 3786 est,
2943 3728 3130 3784 ⁴eum

735 3805 980 3872 dixisse
1028 3804 1450 3895 (Gmmemon
1487 3804 1586 3872 vel
1627 3805 2101 3898 Tnarmsws
2143 3809 2206 3874 ἐν
2242 3811 2329 3892 τῷ
2376 3809 2515 3892 περὶ
2554 3809 2761 3888 ἡδονῆς
2801 3831 2906 3898 ap.
2956 3815 3128 3885 Am.

735 3909 906 3978 vm.
959 3909 1150 4002 uin:
1195 3909 1394 3994 χρόνῳ
1437 3910 1558 3988 τὰς
1617 3912 1968 4002 τραγῳδίας
2021 3913 2373 3982 ἄνοιτιθέναι
2390 3965 2411 3995 ,
2474 3933 2705 4006 nempe
2763 3916 2981 3986 εἰδότα
3035 3921 3129 3994 ὅτι

812 4189 862 4250 ³)
891 4191 1125 4242 Ctmrou
1155 4205 1215 4242 ex
1253 4187 1348 4243 Ed.
1387 4190 1632 4243 Kniicsm
1654 4226 1672 4256 ,
1710 4187 1844 4262 Lips.
1880 4191 1936 4245 F.
1972 4191 2025 4242 C.
2063 4191 2125 4244 G.
2165 4187 2350 4262 Vogel,
2390 4192 2552 4246 1830.

755 4281 762 4288 ·
809 4277 862 4348 ⁴)
899 4275 1040 4350 laps.
1068 4275 1295 4331 weidm.
1335 4279 1497 4331 183⁰.

731 4407 744 4419 .
811 4366 864 4436 ⁰)
897 4365 1184 4430 Grandi-iss
1210 4364 1306 4422 dar
1343 4363 1703 4427 Gxiet‘zhiueben
1740 4365 2068 4434 Liuor-atur,
2108 4365 2209 4420 mit
2246 4367 2417 4422 einem
2458 4367 2885 4445 vergleiehenden
2924 4376 3141 4435 Ueber·

743 4448 890 4505 blial:
923 4453 1040 4508 der.
1059 4454 1383 4508 Riimieehen.
1421 4451 1588 4506 Helle.
1628 4451 1721 4506 Ed.
1760 4457 1953 4507 Antan.
1994 4457 2091 4522 8⁰).¹
2124 4459 2204 4510 le.
2234 4455 2385 4510 'simil
2420 4460 2605 4526 183⁶,
2658 4462 2738 4514 2e.
2772 4458 2964 4518 Theil:
3038 4473 3145 4524 Ge-

738 4537 969 4595 sehiehte
1017 4540 1110 4596 der
1157 4544 1242 4597 Gr.
1285 4539 1486 4610 Poie'sie⁷
1549 4543 1711 4597 1845.
1764 4572 1835 4582 —
1886 4541 2041 4601 Plura
2096 4554 2361 4620 quantum
2416 4545 2519 4604 seio
2566 4545 2805 4607 nondum
2860 4553 3147 4628 prodiere.
