3267 5567
616 527 726 598 92
1024 547 1213 596 zavan
1250 545 1703 626 punircmnvm
1745 525 2184 620 Ganrmsiscnn
2229 527 2616 596 Insuntmss.

556 705 953 793 ‚²komende
1003 700 1171 788 εὖρδν
1216 704 1563 792 vergelijke
1610 723 1762 771 men
1808 723 1872 771 11.
1919 707 2114 778 2525..
2163 703 2226 770 b.
2259 713 2354 770 vs,
2381 709 2498 786 50·.
2585 704 2680 773 De
2719 707 3020 778 111111νυὶ-

632 813 793 900 king
838 812 897 878 is
942 809 1031 898 bij
1080 809 1160 877 de
1205 811 1449 887 Attici,
1500 808 1960 878 inzonderheid
2019 807 2108 895 hij
2159 808 2490 876 Xnnornon
2529 811 2684 877 zeer'
2721 832 3017 899 gewoon.

636 915 773 986 0011
809 935 950 984 van
996 915 1149 983 deze
1194 913 1493 1004 bepaling
1535 912 1910 1002 aangaande
1952 913 2036 981 de
2075 913 2344 994 ταμίαι,
2405 912 2512 980 die
2554 917 2700 984 zecr
2741 937 3016 1005 gewoon

603 1021 729 1116 ¹ia,
770 1020 958 1088 vindt
994 1039 1143 1118 men
1180 1018 1263 1086 de
1299 1019 1720 1088 voorbeelden
1749 1019 1838 1109 bij
1877 1019 2088 1090 Fam
2132 1025 2181 1085 t.
2207 1037 2266 1086 a.
2291 1037 2357 1106 p.
2449 1020 2562 1087 Vs,
2593 1026 2744 1092 100.
2782 1023 2890 1094 Uit
2929 1025 3018 1094 de

630 1125 873 1194 andere
907 1124 1249 1214 Inscriptio
1286 1123 1477 1213 blijkt
1494 1177 1513 1206 ,
1575 1124 1689 1193 dat
1736 1124 1836 1192 dit
1863 1122 2180 1213 ·gescbied
2226 1124 2286 1190 is
2321 1123 2396 1190 in
2438 1121 2563 1195 den
2609 1127 2844 1214 tempel
2879 1147 3010 1201 van

632 1229 883 1300 Athene
914 1227 1131 1298 Polias
1146 1279 1166 1309 ,
1208 1229 1471 1298 alwaar·
1498 1231 1609 1298 het
1657 1229 1930 1300 Archief
1965 1249 2140 1309 was,
2187 1249 2302 1298 zoo
2345 1227 2442 1312 als
2486 1229 2592 1297 uit
2623 1230 2712 1300 de
2757 1235 3010 1322 oven-ige

630 1333 1011 1424 Inscripties
1070 1343 1161 1402 te·
1197 1331 1342 1406 zien
1402 1337 1459 1403 is
1473 1387 1492 1416 ‚
1563 1334 1670 1404 die
1724 1333 2036 1404 evenzeer
2083 1333 2330 1410 aldaar.
2373 1333 2674 1414 bewaard
2725 1338 3006 1408 werden.

632 1443 748 1509 Vs,
777 1447 929 1510 101.
976 1441 1115 1510 Ten
1152 1439 1342 1508 slotte
1378 1441 1494 1508 wil
1524 1441 1597 1508 ik
1632 1441 1898 1527 volgens
1935 1438 2170 1506 belofte
2199 1458 2320 1506 een
2352 1459 2510 1526 paar
2551 1441 2846 1530 staaltjes
2879 1463 3012 1512 me-

632 1545 936 1616 dcdeelcu
988 1545 1108 1614 der
1166 1543 1652 1634 ongeloofelijke
1709 1544 2289 1614 onbekwaamh'eid
2333 1552 2464 1612 v‘an
2525 1544 2656 1614 den
2713 1546 3016 1616 Italiaan.

634 1651 731 1742 Op
768 1652 967 1722 (lezen
982 1693 991 1700 ·
1006 1648 1183 1738 regel
1221 1650 1395 1718 heeft
1439 1650 1531 1739 hij
1570 1651 1654 1720 dc
1689 1651 2002 1738 volgcnde
2037 1649 2370 1719 annotatio
2403 1651 2738 1737 gemaakt:
2791 1651 3014 1734 »Elec-

634 1766 790 1826 »tus
840 1745 1119 1824 nuncius
1154 1764 1273 1823 aut
1316 1755 1568 1844 legatus
1606 1756 1707 1829 ad.
1735 1756 2191 1846 Hierapytnios
2213 1763 2654 1842 nuncupatur
2697 1757 3016 1844 Diogenes

636 1860 1057 1937 »Aristondaz
1102 1862 1309 1949 patris
1338 1881 1589 1930 nomen
1637 1859 1922 1928 secundo
1967 1881 2126 1928 casu
2166 1859 2818 1944 enunciari.solitum
2835 1914 2854 1941 ,
2901 1863 3014 1932 bic

634 1968 902 2057 »potius
922 1973 1157 2054 quarto
1188 1987 1330 2038 esse
1362 1986 1524 2034 casu.
1549 1965 1810 2034 videtur
1843 1967 1962 2054 [110
1991 1989 2262 2051 apte-oux
2297 1972 2418 2032 aut
2446 1967 2749 2049 αριςονδος
2762 2018 2782 2046 ,
2823 1969 3018 2037 cuius

635 2071 996 2141 »rationem
1033 2071 1303 2140 reddere
1342 2071 1627 2140 nescio-.”
1675 2070 1774 2161 Op
1799 2091 1894 2138 vs,
1914 2074 2004 2139 86
2027 2077 2368 2140 annomert
2403 2069 2494 2159 hij
2530 2071 2644 2140 het
2673 2071 3014 2161 volgende:

635 2181 829 2247 »220ae
876 2177 959 2246 ab
1002 2195 1273 2261 ερχσμαι
1330 2177 1511 2244 mitto
1563 2177 1698 2256 vim
1744 2177 1938 2245 hahet
1961 2227 1982 2256 ‚
2041 2193 2174 2244 11011
2224 2176 2401 2244 venio
2451 2181 2570 2244 aut
2619 2178 3010 2266 proyredior.

633 2283 801 2366 »Qui
848 2283 1024 2350 enim
1060 2289 1369 2370 quartum
1408 2302 1634 2350 casum
1677 2281 1978 2368 regenet?
2027 2299 2186 2368 ergo
2228 2281 2442 2350 activa
2474 2289 2594 2350 seu
2632 2283 2972 2352 transitiva
2989 2333 3010 2362 ,

634 2367 773 2458 ‚uti
796 2388 1019 2466 aiunt,
1078 2385 1444 2475 praeditum
1488 2373 1962 2474 significatione
1978 2434 1998 2465 ,
2043 2385 2216 2474 qnod
2260 2407 2298 2456 e
2341 2385 2684 2456 massariis
2730 2405 2857 2455 non
2901 2407 3012 2456 cx·

634 2522 665 2556 ι
678 2492 993 2562 tuderis,”
1864 2515 1874 2523 ·

720 2597 944 2666 Alleen
981 2615 1109 2686 nog
1148 2595 1229 2664 de
1271 2595 1583 2684 volgende
1620 2597 1985 2684 aanhaling.
2021 2631 2046 2658 ο
2079 2596 2224 2665 Men
2265 2595 2607 2666 herinnert
2649 2597 2792 2684 zich
2814 2649 2834 2678 ,
2895 2597 3010 2668 dat

632 2704 704 2772 111
748 2701 833 2772 de
874 2701 1219 2791 Inscriptie
1268 2721 1394 2768 vau
1456 2709 1944 2772 rooversnesten
1995 2700 2067 2772 of
2103 2703 2378 2788 λᾳςῆριω
2411 2705 2678 2791 ‘spraak
2721 2705 2810 2780 is:
2875 2711 3006 2774 toe-

630 2807 826 2896 vallig
870 2808 1051 2875 Romt
1100 2805 1201 2874 dit
1233 2807 1458 2875 woord
1502 2828 1587 2896 op.
1630 2807 1742 2876 het
1787 2825 2105 2886 marmer,
2132 2845 2138 2892 ς
2167 2806 2293 2876 dus
2335 2827 2420 2896 op
2463 2808 2574 2878 het
2617 2810 2836 2897 cenige
2881 2829 3010 2878 aan

630 2915 755 2984 den
804 2911 1075 2982 Italiaan
1126 2911 1417 2982 bekende
1462 2912 1752 3000 gedeelte
1771 2965 1792 2994 ,
1837 2913 2044 2982 allcen
2102 2913 2174 2980 in
2233 2911 2358 2980 den
2421 2913 2780 3002 Singularis
2830 2935 3009 2986 voor.

632 3021 743 3090 zie
763 3020 907 3088 hier
942 3037 1037 3086 nu
1072 3022 1243 3106 zijne
1281 3017 1727 3106 gescbiedenis
1748 3039 1876 3087 van
1897 3019 2322 3088 Laisterium:
2373 3019 2804 3090 »Laisterium
2849 3019 3008 3090 urbs

632 3131 815 3194 »erat
836 3173 857 3203 ,
916 3123 1351 3213 Hierapytnae
1388 3143 1519 3192 non
1554 3125 1962 3216 contermina
1997 3124 2186 3192 modo
2225 3123 2340 3192 sed
2375 3132 2442 3192 et
2476 3123 2827 3194 admodum
2865 3145 3008 3214 pro-

633 3233 851 3302 »xima
890 3229 1412 3315 imminensque:
1474 3227 1638 3294 eius.
1668 3227 1904 3314 indago
1925 3233 1934 3264 ²
1958 3231 2230 3317 originis
2277 3250 2437 3298 aevo
2475 3230 2810 3318 disperiit:
2867 3231 3014 3300 eius

634 3333 981 3404 »indubius
1016 3333 1187 3400 situs
1206 3333 1276 3400 in
1300 3333 1490 3401 Dicta
1518 3340 1740 3401 monte
1755 3383 1776 3412 ‚
1805 3333 1920 3420 qui
1943 3334 2136 3422 vulgo
2165 3335 2523 3405 etiamnum
2553 3335 2756 3405 Lasiti
2793 3336 3010 3416 audit,

634 3425 874 3531 ‚quem
907 3437 1100 3528 probe
1120 3438 1269 3505 :scio
1302 3456 1430 3505 non
1462 3457 1670 3506 unum
1701 3446 1992 3507 montem
2029 3460 2168 3508 esse
2183 3490 2203 3519 ‚
2249 3440 2362 3511 sed
2398 3441 2578 3510 velut
2600 3451 3008 3530 compactam

632 3545 961 3637 »plurium
990 3544 1314 3612 montium
1352 3543 1902 3632 conglobationem
1914 3551 1942 3624 ,“
1976 3545 2166 3614 cuius
2193 3534 2344 3612 cum
2379 3563 2530 3634 pars
2561 3547 2693 3616 ulla
2729 3548 3009 3625 condenf

634 3654 797 3722 »dae
838 3649 1023 3730 urbi,
1061 3648 1358 3720 ‘tuendae
1377 3698 1397 3729 ,
1442 3648 1848 3718 exornandae
1893 3651 2104 3737 magis
2147 3652 2440 3739 apposita
2486 3669 2605 3720 nec
2651 3653 2742 3720 sit
2783 3661 2852 3720 et
2893 3655 3009 3723 vix

633 3756 885 3847 ‚optari
926 3755 1129 3846 possit
1149 3805 1171 3836 ‚
1216 3775 1413 3844 quam
1458 3755 1760 3844 planities
1798 3757 2286 3845 supereminens
2306 3805 2328 3836 ,
2373 3757 2464 3824 ibi
2503 3757 2790 3845 profecto
2822 3779 3011 3848 prae·-

632 3862 919 3932 nnobiles
955 3862 1184 3930 ruinae
1206 3910 1227 3941 ,
1271 3881 1403 3932 non
1440 3859 1731 3929 dubitem
1745 3911 1765 3940 ,
1811 3859 2318 3950 supet-fuissem
2356 3863 2489 3932 nisi
2533 3871 2653 3934 aut
2685 3881 3006 3952 aquarum

632 3967 1143 4042 »exundantium
1202 3965 1730 4056 frequentissima
1791 3965 2046 4036 illuvies
2060 4017 2081 4046 ‚
2141 3974 2258 4034 aut
2289 3967 2488 4055 „quod
2547 3968 2735 4056 longe
2791 3968 3004 4054 magis

632 4093 901 4144 »vereor
914 4123 937 4154 ,
1001 4071 1233 4140 Veneti
1285 4072 1543 4160 imperii
1588 4072 1974 4160 praetimida
2031 4072 2350 4161 sapientia
2400 4082 2637 4144 cuncta
2687 4074 2776 4142 ibi
2827 4073 3008 4142 inter

631 4181 899 4249 »ruinas
932 4175 1232 4256 latibula,
1266 4194 1435 4264 quae
1468 4176 1788 4263 praesidio
1824 4174 2166 4246 rebellibus
2188 4186 2406 4248 essent
2433 4178 2689 4259 futura,
2715 4179 3004 4248 maximo

632 4284 891 4356 »studio
940 4281 1233 4350 funditus
1276 4279 1617 4348 delevisset
1661 4286 1787 4348 etc.
1833 4290 1958 4349 etc.
2005 4319 2098 4332 —-
2138 4290 2408 4352 ventum
2459 4294 2560 4354 est
2603 4284 2866 4354 tandem
2921 4284 3004 4354 ad

632 4389 913 4460 »bellum
951 4386 1253 4454 ultimum
1272 4435 1292 4464 ,
1338 4383 1710 4452 decernitur
1731 4385 1813 4452 ab
1845 4387 2284 4476 Hierapytniis
2324 4377 2504 4457 urbis
2537 4390 2820 4459 hostium
2855 4389 2999 4458 sub-

632 4493 951 4565 »versioni
1004 4491 1159 4559 totis
1197 4489 1448 4559 viribus
1494 4491 1893 4559 incumbere-
1913 4499 2308 4581 externaque
2349 4494 2782 4583 implorantur
2820 4496 2996 4582 Reip.

634 4601 953 4697 »potentis
998 4597 1239 4698 auxilia
1255 4647 1277 4677 ,
1346 4596 1746 4685 praefervida
1791 4606 2106 4686 parantur
2151 4601 2481 4670 celeritate
2505 4651 2522 4679 ,
2543 4639 2548 4648 ¹
2569 4609 2692 4670 etc.
2742 4611 2862 4670 etc.
2910 4639 3002 4654 -—
