3267 5567
973 477 1176 546 Venas
1222 475 1548 543 HisromAs
1589 498 1665 544 ΕΤ
1714 477 2005 546 Sonmmu.
2532 491 2661 554 405

241 654 382 721 cui
436 652 804 720 versionem
848 650 1387 732 substraxerant,
1433 652 1666 722 bonam
1714 653 2054 724 lectionem
2078 704 2099 731 ‚
2149 655 2218 721 in
2267 661 2517 738 textum
2563 677 2665 728 re-

239 758 509 846 cipere
554 776 681 824 non
727 765 913 824 erant
966 759 1109 825 ausi
1168 757 1326 825 Tim.
1360 763 1487 826 50:
1556 759 1679 826 Καὶ
1720 759 2036 843 ἠρίστευσε
2083 760 2148 828 δὲ
2200 759 2349 845 ὑπὲρ
2387 768 2501 838 τῆς
2547 762 2663 830 πό-

239 878 435 939 λεως
484 861 700 946 πέρυσι
747 863 893 945 πρὸς
940 866 1286 945 Ἀχαρναῖς
1331 862 1438 930 καὶ
1487 864 1803 947 κοοτέκοψε
1848 873 1968 936 τῶν
2012 866 2510 943 Πελοποννησίων
2554 867 2663 936 δύο

239 968 580 1051 μοίρας.
675 966 753 1034 In
810 967 1057 1034 Latinis
1108 968 1386 1054 legimus
1447 975 1552 1036 »et
1596 968 1760 1036 duas
1810 969 2416 1057 Peloponnesiorum
2453 993 2663 1041 morae

241 1073 571 1142 »cecidit
589 1073 657 1152 ,⁹³
704 1071 871 1158 quod
919 1071 988 1137 in
1026 1072 1289 1141 Graecis
1328 1092 1581 1161 quoque
1603 1073 1850 1142 iamdiu
1886 1076 2234 1144 restituere
2280 1075 2397 1164 (sc.
2434 1075 2661 1167 μόρας)

239 1178 688 1246 debuissent.
777 1175 852 1242 Id
907 1196 1111 1244 unum
1169 1177 1312 1246 volo
1373 1186 1569 1267 atque
1616 1179 1967 1260 contende,
2011 1179 2311 1248 meliores
2354 1180 2511 1249 olim
2548 1182 2661 1250 ho·

236 1301 427 1350 rum
485 1280 800 1348 librorum
835 1282 1163 1350 exstitisse
1205 1283 1459 1352 codices
1482 1334 1502 1360 ‚
1552 1304 1589 1351 e
1623 1284 1860 1371 quibus
1908 1285 2173 1353 serioris
2233 1287 2464 1354 aetatis
2509 1307 2660 1375 apo-

236 1385 517 1474 graphi
567 1392 897 1473 tamq'uam
943 1405 980 1453 e
1021 1387 1355 1456 communi
1399 1388 1564 1457 forte
1610 1391 2020 1458 manaverint
2041 1439 2061 1469 ,
2108 1407 2304 1476 quam
2332 1411 2389 1472 „e
2424 1392 2662 1479 quibus

235 1491 686 1578 reliquorum
724 1492 973 1559 Lucum
1012 1493 1407 1580 scriptorum
1454 1493 1604 1561 libri
1641 1495 1792 1562 Mss.
1844 1494 2062 1562 hausti
2103 1496 2258 1562 sint.
2352 1496 2535 1580 Quod
2568 1496 2660 1566 al·

241 1603 501 1664 terum
560 1596 953 1664 monendum
1001 1597 1203 1664 habeo
1225 1648 1245 1677 ,
1292 1598 1360 1664 id
1406 1598 1580 1666 haud
1633 1599 1830 1666 dubie
1892 1600 2021 1668 iam
2069 1599 2223 1666 olim
2268 1599 2416 1668 aliis
2458 1603 2660 1671 tacito

239 1700 694 1768 observatum
717 1751 740 1779 ,
784 1720 903 1767 nec
950 1707 1169 1768 tamen
1218 1701 1356 1789 (ubi
1401 1702 1734 1770 luculenta
1780 1702 1906 1796 ista
1951 1701 2243 1788 exempla
2286 1706 2656 1791 exceperis,

242 1825 443 1893 quae
505 1804 781 1872 Comus
836 1803 880 1870 l.
921 1803 964 1869 1.
1028 1824 1091 1890 p.
1132 1808 1220 1870 46
1280 1806 1351 1870 in
1418 1806 1559 1891 ipso
1602 1805 1938 1872 Soloecista
1994 1804 2266 1894 notavit)
2338 1816 2658 1897 quantum

239 1910 401 1978 scio
439 1906 602 1974 data
645 1925 840 1995 opera
877 1908 1280 1996 propositum
1318 1916 1513 1997 atque
1565 1908 1877 1995 exemplis
1920 1909 2380 1978 confirmatum
2421 1920 2546 1981 est.

349 2015 639 2100 Magnas
683 2012 982 2080 videlicet
1022 2012 1337 2082 contendo
1367 2014 1619 2082 Lutum
1657 2013 1880 2081 futuro
1916 2016 2288 2103 sospitatori
2326 2003 2663 2087 cautiones

243 2140 406 2190 esse
463 2109 865 2188 adhibendas
887 2168 908 2196 ,
968 2137 1051 2186 ne
1096 2116 1510 2194 librariorum
1568 2125 1834 2207 peccata
1878 2120 2002 2186 sibi
2047 2118 2348 2187 videatur
2392 2120 2616 2200 tollere
2636 2172 2658 2203 ‚

245 2246 424 2296 cum
484 2225 631 2311 ipsa
678 2224 932 2292 Lumam
986 2222 1147 2290 vitia
1198 2224 1527 2296 emendet.
1607 2224 1864 2293 Lucum
1921 2226 2098 2294 enim
2150 2225 2218 2292 in
2261 2223 2611 2294 dialectum
2633 2276 2656 2308 ,

248 2340 333 2402 ut
377 2331 485 2400 ita
533 2328 785 2408 dicam,
828 2327 942 2414 qui
979 2326 1133 2396 data
1174 2345 1368 2415 opera
1404 2329 1729 2417 inquiret,
1777 2327 2021 2418 duplici
2064 2330 2376 2397 vitiorum
2419 2350 2657 2417 genere

247 2456 414 2506 mox
473 2432 730 2502 videbit
773 2432 960 2502 illum
1014 2432 1325 2504 laborare.
1417 2433 1600 2501 Vixit
1642 2433 1753 2500 illo
1796 2440 2087 2521 tempore
2107 2484 2128 2515 ,
2176 2453 2305 2521 quo
2369 2435 2613 2504 Graeca
2634 2484 2657 2516 ‚

249 2538 604 2630 imprimis
641 2538 860 2606 Attica
889 2538 1144 2626 lingua,
1174 2558 1217 2608 a
1251 2545 1471 2608 vetere
1492 2535 1830 2626 splendore
1856 2545 1937 2614 ¹et
1966 2558 2010 2607 a
2047 2538 2324 2628 pristina
2358 2531 2659 2621 castitate

248 2654 318 2716 et
364 2646 673 2735 puritate
725 2644 855 2710 iam
887 2646 1132 2712 mirum
1183 2650 1503 2731 quantum
1545 2642 1910 2711 desciverat
1931 2691 1953 2721 ‚
2000 2650 2070 2710 et
2107 2650 2185 2711 ut
2220 2649 2361 2710 erat
2403 2642 2657 2731 lepidus
2742 2735 2752 2743 ἡ

251 2753 676 2838 acerbus'que
718 2750 1028 2817 vitiorum
1058 2748 1141 2816 ab
1167 2749 1334 2818 ‘aliis
1366 2750 1866 2838 commissorum
1902 2745 2257 2834 indagator,
2282 2755 2348 2815 et
2388 2767 2652 2830 censor,

14 2929 17 2936 ,
129 2873 134 2878 ·
253 2861 350 2928 ita
388 2855 582 2926 haud
624 2869 772 2923 raro
826 2854 898 2922 in
939 2853 1100 2922 vitia
1145 2852 1284 2950 ipse
1325 2851 1598 2932 incidit,
1645 2868 1812 2937 quae
1855 2850 2338 2935 ἐπιχαιρέκακος
2384 2853 2454 2920 in
2506 2852 2654 2926 aliis

252 2966 504 3032 riserat
552 2966 619 3028 et
661 2958 1121 3043 exagitaverat.
1214 2955 1313 3030 Ab
1358 2957 1505 3026 istis
1538 2955 1779 3043 igitur,
1816 2954 1935 3043 qui
1969 2953 2078 3021 hic
2112 2955 2264 3023 illic
2297 2958 2367 3024 in
2399 2956 2653 3028 Lucum

252 3067 538 3155 scriptis
596 3067 907 3150 apparent
970 3060 1376 3127 barbarismis
1441 3058 1898 3129 abstinendum
1964 3058 2092 3142 erit
2114 3109 2134 3139 ‚
2195 3062 2326 3129 nisi
2369 3063 2484 3150 qui
2528 3063 2651 3133 Ln-

248 3193 489 3242 enmuu
537 3188 577 3237 e
611 3167 878 3236 Lucumo
921 3164 1157 3253 pellere
1207 3164 1385 3232 velit.
1476 3166 1819 3233 Praeterea
1872 3164 2173 3232 Lucanus
2193 3214 2217 3246 ,
2273 3174 2351 3234 nt
2394 3174 2537 3235 erat
2580 3169 2652 3244 in

254 3272 672 3348 carminibus
709 3270 1068 3346 Homericis
1112 3270 1476 3358 Atticisque
1536 3279 1604 3340 et
1662 3270 1870 3358 poetis
1923 3277 1993 3339 et
2046 3290 2275 3368 prosae
2306 3274 2651 3357 ‘orationis

254 3377 695 3471 scriptoribus
732 3374 1211 3444 versatissimus
1225 3427 1247 3454 ‚
1298 3393 1488 3466 saepe
1528 3377 1743 3445 utitur
1787 3375 2115 3445 vocabulis
2153 3376 2514 3472 Homericis
2547 3378 2653 3462 vei

259 3507 429 3575 quae
470 3486 732 3555 Sozoms
775 3481 1025 3565 κύρβεις
1072 3481 1423 3550 redoleant.
1515 3482 1681 3569 Ipsis
1715 3480 1953 3556 Atticis
2012 3482 2343 3552 interdum
2386 3493 2487 3552 est
2525 3504 2647 3572 pu-

261 3594 402 3660 rior
421 3643 441 3673 ,
490 3586 955 3672 ὑπεροιττικίζει
996 3593 1062 3652 et
1102 3586 1373 3669 ὄμηρίζει
1398 3636 1418 3662 ,
1477 3587 1591 3671 qui
1638 3584 1827 3652 modo
1893 3603 2053 3651 usus
2111 3592 2253 3650 erat
2309 3584 2541 3652 formis
2579 3596 2650 3656 et

258 3694 595 3765 vocabulis
617 3741 638 3771 ,
698 3709 864 3779 quae
923 3689 1348 3758 Athenienses
1403 3689 1514 3754 vix
1570 3687 2056 3755 intellexissent.
2162 3685 2371 3768 Quam
2434 3706 2649 3762 meam

260 3802 656 3870 sententiam
718 3796 849 3865 iam
905 3794 1220 3882 exemplis
1272 3792 1519 3879 aliquot
1577 3790 1990 3859 confirmabo.
2083 3790 2379 3874 Initium·
2408 3779 2649 3872 faciam

263 3926 303 3974 a
335 3904 761 3975 barbarismis
781 3951 801 3980 ‚
847 3902 915 3968 in
960 3900 1197 3988 quibus
1235 3896 1755 3976 demonstrandis
1791 3896 2018 3964 multis
2059 3896 2402 3981 verborum
2427 3896 2651 3996 amba-3

263 4012 452 4098 gibus
513 4028 648 4078 non
706 4008 832 4074 erit
879 4016 1086 4094 opus}
1142 4023 1296 4073 cum
1341 4000 1613 4070 dubium
1658 4022 1799 4069 esse
1850 4010 2171 4091 nequeat,
2231 3995 2388 4094 quid
2430 4003 2514 4069 in
2560 4003 2647 4071 iis

263 4116 616 4184 Barbarum
677 4113 784 4179 sit.
879 4112 1091 4178 Somn.
1131 4114 1207 4177 2:
1255 4112 1293 4189 ἢ
1339 4106 1530 4189 βόοος
1570 4110 1605 4187 ἢ
1652 4104 1876 4185 ἵππους
1925 4110 1961 4187 ἢ
2008 4109 2114 4176 καὶ
2171 4110 2240 4188 νὴ
2288 4111 2393 4177 Δί’
2424 4109 2646 4192 ὤνθρώ-

267 4245 413 4299 πους
453 4221 873 4290 ἀνέπλαττον.
920 4216 962 4281 I
963 4216 1083 4281 bid.
1127 4221 1208 4283 5:
1281 4212 1607 4294 Ἐγκοπέοο
1654 4211 1781 4298 γάρ
1843 4213 2015 4282 τινά
2057 4239 2162 4295 μοι
2212 4214 2349 4292 δοὺς
2387 4203 2677 4292 §.Offae-'³

272 4458 462 4528 percit,
499 4457 591 4516 sed
615 4457 670 4514 bi
707 4457 1064 4533 potissimum,
1102 4454 1196 4531 qui
1222 4457 1447 4512 Deorum
1486 4455 1668 4512 laudes
1693 4453 2024 4524 canebant''‚
2062 4453 2165 4512 nisi
2192 4453 2326 4513 forte
2361 4469 2461 4533 pro
2492 4475 2647 4513 »non

277 4546 413 4603 enim
449 4548 550 4606 ista
582 4549 880 4604 Lucums”
920 4543 1204 4621 legendnm
1238 4553 1348 4602 ατε
1387 4565 1440 4601 n.
1479 4563 1523 4604 e.
1555 4545 1592 4602 i.
1631 4549 1883 4604 Lucum
1921 4542 2109 4601 solum.
