<?xml version="1.0" encoding="UTF-8"?>
<!DOCTYPE html PUBLIC "-//W3C//DTD XHTML 1.0 Transitional//EN"
    "http://www.w3.org/TR/xhtml1/DTD/xhtml1-transitional.dtd">
<html xmlns="http://www.w3.org/1999/xhtml" xml:lang="en" lang="en">
 <head>
  <title>
</title>
<meta http-equiv="Content-Type" content="text/html;charset=utf-8" />
  <meta name='ocr-system' content='tesseract 3.04.00' />
  <meta name='ocr-capabilities' content='ocr_page ocr_carea ocr_par ocr_line ocrx_word'/>
</head>
<body>
  <div class='ocr_page' id='page_1' title='image "./mnemosynebiblio15servgoog/mnemosynebiblio15servgoog_0416.png"; bbox 0 0 3267 5567; ppageno 0'>
   <div class='ocr_carea' id='block_1_1' title="bbox 657 491 2292 571">
    <p class='ocr_par' dir='ltr' id='par_1_1' title="bbox 657 491 2292 571">
     <span class='ocr_line' id='line_1_1' title="bbox 657 491 2292 571; baseline -0.004 -3"><span class='ocrx_word' id='word_1_1' title='bbox 657 505 786 571; x_wconf 75' lang='lat'><strong><em>404</em></strong></span> <span class='ocrx_word' id='word_1_2' title='bbox 1402 499 1891 567; x_wconf 71' lang='lat' dir='ltr'><strong>OnsnnvAnoNas</strong></span> <span class='ocrx_word' id='word_1_3' title='bbox 1935 516 1997 563; x_wconf 75' lang='lat' dir='ltr'><strong>m</strong></span> <span class='ocrx_word' id='word_1_4' title='bbox 2042 491 2292 564; x_wconf 77' lang='lat' dir='ltr'><strong>Lucum</strong></span> 
     </span>
    </p>
   </div>
   <div class='ocr_carea' id='block_1_2' title="bbox 651 670 3031 1706">
    <p class='ocr_par' dir='ltr' id='par_1_2' title="bbox 651 670 3031 1706">
     <span class='ocr_line' id='line_1_2' title="bbox 653 670 3029 755; baseline -0.003 -10"><span class='ocrx_word' id='word_1_5' title='bbox 653 676 818 746; x_wconf 76' lang='lat' dir='ltr'><strong>Ibid.</strong></span> <span class='ocrx_word' id='word_1_6' title='bbox 862 680 946 743; x_wconf 72' lang='lat'><strong><em>4:</em></strong></span> <span class='ocrx_word' id='word_1_7' title='bbox 1015 675 1120 742; x_wconf 80' lang='grc' dir='ltr'><strong><em>καὶ</em></strong></span> <span class='ocrx_word' id='word_1_8' title='bbox 1157 675 1302 750; x_wconf 88' lang='grc' dir='ltr'><strong><em>τοὺς</em></strong></span> <span class='ocrx_word' id='word_1_9' title='bbox 1349 677 1670 755; x_wconf 73' lang='grc' dir='ltr'><strong><em>μώλωπας</em></strong></span> <span class='ocrx_word' id='word_1_10' title='bbox 1728 673 2128 740; x_wconf 72' lang='grc' dir='ltr'><strong><em>ἐδείκνυον.</em></strong></span> <span class='ocrx_word' id='word_1_11' title='bbox 2180 670 2452 737; x_wconf 78' lang='lat' dir='ltr'><strong><em>Ibid.6:</em></strong></span> <span class='ocrx_word' id='word_1_12' title='bbox 2521 677 2784 754; x_wconf 79' lang='grc' dir='ltr'><strong><em>μικροῦ</em></strong></span> <span class='ocrx_word' id='word_1_13' title='bbox 2846 683 3029 755; x_wconf 80' lang='grc' dir='ltr'><strong><em>γοῦν</em></strong></span> 
     </span>
     <span class='ocr_line' id='line_1_3' title="bbox 651 769 3023 865; baseline 0 -16"><span class='ocrx_word' id='word_1_14' title='bbox 651 807 738 865; x_wconf 89' lang='grc' dir='ltr'><strong><em>με</em></strong></span> <span class='ocrx_word' id='word_1_15' title='bbox 781 780 1200 851; x_wconf 68' lang='grc' dir='ltr'><strong><em>διεσπάσαντο</em></strong></span> <span class='ocrx_word' id='word_1_16' title='bbox 1246 780 1394 862; x_wconf 79' lang='grc' dir='ltr'><strong><em>πρὸς</em></strong></span> <span class='ocrx_word' id='word_1_17' title='bbox 1433 780 1731 856; x_wconf 78' lang='grc' dir='ltr'><strong><em>ἀλλήλας</em></strong></span> <span class='ocrx_word' id='word_1_18' title='bbox 1769 769 2319 863; x_wconf 68' lang='grc' dir='ltr'><strong><em>φιλοτιμούμεναι.</em></strong></span> <span class='ocrx_word' id='word_1_19' title='bbox 2365 773 2409 840; x_wconf 96' lang='lat' dir='ltr'><strong>I</strong></span> <span class='ocrx_word' id='word_1_20' title='bbox 2408 774 2533 840; x_wconf 78' lang='lat' dir='ltr'><strong>bid.</strong></span> <span class='ocrx_word' id='word_1_21' title='bbox 2570 779 2645 842; x_wconf 88' lang='grc'><strong><em>93</em></strong></span> <span class='ocrx_word' id='word_1_22' title='bbox 2690 779 2849 846; x_wconf 84' lang='grc' dir='ltr'><strong><em>ἀλλ’</em></strong></span> <span class='ocrx_word' id='word_1_23' title='bbox 2871 785 3023 850; x_wconf 76' lang='grc' dir='ltr'><strong><em>αὐτὸ</em></strong></span> 
     </span>
     <span class='ocr_line' id='line_1_4' title="bbox 653 875 3025 970; baseline -0.001 -15"><span class='ocrx_word' id='word_1_24' title='bbox 653 887 836 969; x_wconf 89' lang='grc' dir='ltr'><strong><em>μόνον</em></strong></span> <span class='ocrx_word' id='word_1_25' title='bbox 891 884 1162 970; x_wconf 80' lang='grc' dir='ltr'><strong><em>ἕργάτης</em></strong></span> <span class='ocrx_word' id='word_1_26' title='bbox 1217 884 1324 952; x_wconf 74' lang='grc' dir='ltr'><strong><em>καὶ</em></strong></span> <span class='ocrx_word' id='word_1_27' title='bbox 1386 891 1505 951; x_wconf 80' lang='grc' dir='ltr'><strong><em>τῶν</em></strong></span> <span class='ocrx_word' id='word_1_28' title='bbox 1551 885 1632 950; x_wconf 80' lang='grc' dir='ltr'><strong><em>ἐκ</em></strong></span> <span class='ocrx_word' id='word_1_29' title='bbox 1668 887 1799 951; x_wconf 77' lang='grc' dir='ltr'><strong><em>τοῦ·</em></strong></span> <span class='ocrx_word' id='word_1_30' title='bbox 1868 887 2155 949; x_wconf 81' lang='grc' dir='ltr'><strong><em>πολλοῦ</em></strong></span> <span class='ocrx_word' id='word_1_31' title='bbox 2216 881 2451 961; x_wconf 73' lang='grc' dir='ltr'><strong><em>δήμου</em></strong></span> <span class='ocrx_word' id='word_1_32' title='bbox 2496 875 2604 954; x_wconf 75' lang='grc' dir='ltr'><strong><em>εἷς</em></strong></span> <span class='ocrx_word' id='word_1_33' title='bbox 2654 881 3025 970; x_wconf 83' lang='lat' dir='ltr'><strong>(Athenien-</strong></span> 
     </span>
     <span class='ocr_line' id='line_1_5' title="bbox 655 984 3031 1077; baseline -0.001 -17"><span class='ocrx_word' id='word_1_34' title='bbox 655 1011 798 1060; x_wconf 84' lang='lat' dir='ltr'><strong>ses:</strong></span> <span class='ocrx_word' id='word_1_35' title='bbox 845 997 965 1059; x_wconf 80' lang='grc' dir='ltr'><strong><em>τῶν</em></strong></span> <span class='ocrx_word' id='word_1_36' title='bbox 1006 995 1254 1057; x_wconf 74' lang='grc' dir='ltr'><strong><em>πολλῶν</em></strong></span> <span class='ocrx_word' id='word_1_37' title='bbox 1307 984 1444 1077; x_wconf 75' lang='grc' dir='ltr'><strong><em>εἷς).</em></strong></span> <span class='ocrx_word' id='word_1_38' title='bbox 1513 988 1555 1053; x_wconf 95' lang='lat' dir='ltr'><strong>I</strong></span> <span class='ocrx_word' id='word_1_39' title='bbox 1555 989 1680 1055; x_wconf 79' lang='lat' dir='ltr'><strong>bid.</strong></span> <span class='ocrx_word' id='word_1_40' title='bbox 1726 992 1802 1054; x_wconf 90' lang='lat'><strong><em>11</em></strong></span> <span class='ocrx_word' id='word_1_41' title='bbox 1835 1011 1851 1054; x_wconf 90' lang='lat'><strong>:</strong></span> <span class='ocrx_word' id='word_1_42' title='bbox 1916 987 2023 1054; x_wconf 79' lang='grc' dir='ltr'><strong><em>καὶ</em></strong></span> <span class='ocrx_word' id='word_1_43' title='bbox 2068 987 2187 1054; x_wconf 79' lang='grc' dir='ltr'><strong><em>ὑπὸ</em></strong></span> <span class='ocrx_word' id='word_1_44' title='bbox 2232 993 2353 1052; x_wconf 78' lang='grc' dir='ltr'><strong><em>τῶν</em></strong></span> <span class='ocrx_word' id='word_1_45' title='bbox 2396 985 2567 1066; x_wconf 86' lang='grc' dir='ltr'><strong><em>γένει</em></strong></span> <span class='ocrx_word' id='word_1_46' title='bbox 2622 987 2727 1053; x_wconf 73' lang='grc' dir='ltr'><strong><em>καὶ</em></strong></span> <span class='ocrx_word' id='word_1_47' title='bbox 2780 991 3031 1075; x_wconf 81' lang='grc' dir='ltr'><strong><em>πλούτῳ</em></strong></span> 
     </span>
     <span class='ocr_line' id='line_1_6' title="bbox 653 1088 3029 1182; baseline -0.001 -18"><span class='ocrx_word' id='word_1_48' title='bbox 653 1095 1048 1180; x_wconf 77' lang='grc' dir='ltr'><strong><em>προύχόντων</em></strong></span> <span class='ocrx_word' id='word_1_49' title='bbox 1114 1092 1779 1175; x_wconf 71' lang='grc' dir='ltr'><strong><em>ἀποβλεπόμενος.</em></strong></span> <span class='ocrx_word' id='word_1_50' title='bbox 1888 1091 2063 1174; x_wconf 84' lang='lat' dir='ltr'><strong>Quae</strong></span> <span class='ocrx_word' id='word_1_51' title='bbox 2123 1090 2341 1156; x_wconf 84' lang='lat' dir='ltr'><strong>omnia</strong></span> <span class='ocrx_word' id='word_1_52' title='bbox 2409 1088 2588 1157; x_wconf 81' lang='lat' dir='ltr'><strong>haud</strong></span> <span class='ocrx_word' id='word_1_53' title='bbox 2652 1088 2844 1159; x_wconf 86' lang='lat' dir='ltr'><strong>dubie</strong></span> <span class='ocrx_word' id='word_1_54' title='bbox 2905 1096 3029 1182; x_wconf 91' lang='lat' dir='ltr'><strong>ipsi</strong></span> 
     </span>
     <span class='ocr_line' id='line_1_7' title="bbox 651 1193 3027 1282; baseline -0.001 -16"><span class='ocrx_word' id='word_1_55' title='bbox 651 1199 918 1268; x_wconf 63' lang='lat' dir='ltr'><strong>Lucumo</strong></span> <span class='ocrx_word' id='word_1_56' title='bbox 973 1200 1236 1268; x_wconf 83' lang='lat' dir='ltr'><strong>crimini</strong></span> <span class='ocrx_word' id='word_1_57' title='bbox 1281 1206 1434 1265; x_wconf 87' lang='lat' dir='ltr'><strong>sunt</strong></span> <span class='ocrx_word' id='word_1_58' title='bbox 1479 1197 1694 1265; x_wconf 85' lang='lat' dir='ltr'><strong>danda</strong></span> <span class='ocrx_word' id='word_1_59' title='bbox 1717 1248 1735 1276; x_wconf 93' lang='lat'>‚</span> <span class='ocrx_word' id='word_1_60' title='bbox 1796 1197 1905 1266; x_wconf 89' lang='lat' dir='ltr'><strong>cui</strong></span> <span class='ocrx_word' id='word_1_61' title='bbox 1965 1194 2165 1262; x_wconf 87' lang='lat' dir='ltr'><strong>nolim</strong></span> <span class='ocrx_word' id='word_1_62' title='bbox 2211 1193 2501 1262; x_wconf 85' lang='lat' dir='ltr'><strong>tribuere</strong></span> <span class='ocrx_word' id='word_1_63' title='bbox 2523 1243 2543 1274; x_wconf 92' lang='lat'>,</span> <span class='ocrx_word' id='word_1_64' title='bbox 2590 1194 2762 1282; x_wconf 80' lang='lat' dir='ltr'><strong>quod</strong></span> <span class='ocrx_word' id='word_1_65' title='bbox 2814 1205 2909 1264; x_wconf 88' lang='lat' dir='ltr'><strong><em>est</em></strong></span> <span class='ocrx_word' id='word_1_66' title='bbox 2955 1200 3027 1264; x_wconf 87' lang='lat' dir='ltr'><strong>in</strong></span> 
     </span>
     <span class='ocr_line' id='line_1_8' title="bbox 655 1299 3023 1395; baseline -0.001 -23"><span class='ocrx_word' id='word_1_67' title='bbox 655 1303 708 1395; x_wconf 68' lang='lat' dir='ltr'>S</span> <span class='ocrx_word' id='word_1_68' title='bbox 750 1310 812 1373; x_wconf 73' lang='lat'><strong><em>4.</em></strong></span> <span class='ocrx_word' id='word_1_69' title='bbox 859 1303 1627 1385; x_wconf 82' lang='grc' dir='ltr'><strong><em>ἀγανακτησαμένης</em></strong></span> <span class='ocrx_word' id='word_1_70' title='bbox 1677 1301 1739 1368; x_wconf 76' lang='grc' dir='ltr'><strong><em>δὲ</em></strong></span> <span class='ocrx_word' id='word_1_71' title='bbox 1785 1310 1899 1378; x_wconf 74' lang='grc' dir='ltr'><strong><em>τῆς</em></strong></span> <span class='ocrx_word' id='word_1_72' title='bbox 1946 1301 2177 1382; x_wconf 81' lang='grc' dir='ltr'><strong><em>μητρὸς</em></strong></span> <span class='ocrx_word' id='word_1_73' title='bbox 2224 1300 2329 1365; x_wconf 76' lang='grc' dir='ltr'><strong><em>καὶ</em></strong></span> <span class='ocrx_word' id='word_1_74' title='bbox 2380 1299 2593 1366; x_wconf 71' lang='grc' dir='ltr'><strong><em>πολλὰ</em></strong></span> <span class='ocrx_word' id='word_1_75' title='bbox 2635 1302 2723 1383; x_wconf 73' lang='grc' dir='ltr'><strong><em>τῷ</em></strong></span> <span class='ocrx_word' id='word_1_76' title='bbox 2768 1303 3023 1387; x_wconf 80' lang='grc' dir='ltr'><strong><em>ἀδελφῷ</em></strong></span> 
     </span>
     <span class='ocr_line' id='line_1_9' title="bbox 653 1403 3030 1494; baseline -0.001 -18"><span class='ocrx_word' id='word_1_77' title='bbox 653 1409 1187 1491; x_wconf 64' lang='grc' dir='ltr'><strong><em>λοιδορησαμένης.</em></strong></span> <span class='ocrx_word' id='word_1_78' title='bbox 1283 1408 1555 1494; x_wconf 83' lang='lat' dir='ltr'><strong>Scripsit</strong></span> <span class='ocrx_word' id='word_1_79' title='bbox 1601 1405 1777 1474; x_wconf 81' lang='lat' dir='ltr'><strong>haud</strong></span> <span class='ocrx_word' id='word_1_80' title='bbox 1823 1405 2018 1473; x_wconf 85' lang='lat' dir='ltr'><strong>dubie</strong></span> <span class='ocrx_word' id='word_1_81' title='bbox 2062 1403 2607 1485; x_wconf 85' lang='grc' dir='ltr'><strong><em>ἀγανακτησάσης</em></strong></span> <span class='ocrx_word' id='word_1_82' title='bbox 2627 1455 2647 1481; x_wconf 89' lang='grc'><em>,</em></span> <span class='ocrx_word' id='word_1_83' title='bbox 2710 1413 2785 1473; x_wconf 85' lang='lat' dir='ltr'><strong>ut</strong></span> <span class='ocrx_word' id='word_1_84' title='bbox 2830 1409 3030 1486; x_wconf 85' lang='grc' dir='ltr'><strong><em>ἀγαν-</em></strong></span> 
     </span>
     <span class='ocr_line' id='line_1_10' title="bbox 653 1507 3031 1600; baseline 0 -22"><span class='ocrx_word' id='word_1_85' title='bbox 653 1515 940 1590; x_wconf 74' lang='grc' dir='ltr'><strong><em>ακτήσας</em></strong></span> <span class='ocrx_word' id='word_1_86' title='bbox 997 1513 1066 1578; x_wconf 84' lang='lat' dir='ltr'><strong>in</strong></span> <span class='ocrx_word' id='word_1_87' title='bbox 1113 1510 1162 1600; x_wconf 67' lang='lat' dir='ltr'>S</span> <span class='ocrx_word' id='word_1_88' title='bbox 1206 1517 1268 1578; x_wconf 85' lang='lat'><strong><em>5.</em></strong></span> <span class='ocrx_word' id='word_1_89' title='bbox 1363 1511 1655 1576; x_wconf 85' lang='lat' dir='ltr'><strong>Utuntur</strong></span> <span class='ocrx_word' id='word_1_90' title='bbox 1707 1511 1819 1597; x_wconf 90' lang='lat' dir='ltr'><strong>qui</strong></span> <span class='ocrx_word' id='word_1_91' title='bbox 1870 1509 2208 1577; x_wconf 81' lang='lat' dir='ltr'><strong>barbaram</strong></span> <span class='ocrx_word' id='word_1_92' title='bbox 2263 1507 2535 1574; x_wconf 83' lang='lat' dir='ltr'><strong>formam</strong></span> <span class='ocrx_word' id='word_1_93' title='bbox 2599 1509 2773 1596; x_wconf 84' lang='lat' dir='ltr'><strong>apud</strong></span> <span class='ocrx_word' id='word_1_94' title='bbox 2820 1511 3031 1579; x_wconf 61' lang='lat' dir='ltr'><strong>Lumi-</strong></span> 
     </span>
     <span class='ocr_line' id='line_1_11' title="bbox 651 1613 3030 1706; baseline 0 -22"><span class='ocrx_word' id='word_1_95' title='bbox 651 1635 776 1686; x_wconf 76' lang='lat' dir='ltr'><strong><em>mm</em></strong></span> <span class='ocrx_word' id='word_1_96' title='bbox 821 1617 1244 1706; x_wconf 82' lang='lat' dir='ltr'><strong>pertinaciter</strong></span> <span class='ocrx_word' id='word_1_97' title='bbox 1289 1622 1600 1693; x_wconf 60' lang='lat' dir='ltr'><strong>tuentur,</strong></span> <span class='ocrx_word' id='word_1_98' title='bbox 1648 1613 1903 1682; x_wconf 74' lang='lat' dir='ltr'><strong><em>Tuom</em></strong></span> <span class='ocrx_word' id='word_1_99' title='bbox 1968 1613 2263 1680; x_wconf 71' lang='lat' dir='ltr'><strong>MAms&#39;rm</strong></span> <span class='ocrx_word' id='word_1_100' title='bbox 2310 1613 2353 1678; x_wconf 90' lang='lat' dir='ltr'><strong>i.</strong></span> <span class='ocrx_word' id='word_1_101' title='bbox 2388 1633 2450 1679; x_wconf 77' lang='lat' dir='ltr'><strong><em>V.</em></strong></span> <span class='ocrx_word' id='word_1_102' title='bbox 2541 1616 3030 1694; x_wconf 79' lang='grc' dir='ltr'><strong><em>Ἀγανακτησά-</em></strong></span> 
     </span>
    </p>
   </div>
   <div class='ocr_carea' id='block_1_3' title="bbox 525 1717 3028 1812">
    <p class='ocr_par' dir='ltr' id='par_1_3' title="bbox 525 1717 3028 1812">
     <span class='ocr_line' id='line_1_12' title="bbox 525 1717 3028 1812; baseline -0 -22"><span class='ocrx_word' id='word_1_103' title='bbox 525 1729 536 1734; x_wconf 80' lang='grc'><strong>’</strong></span> <span class='ocrx_word' id='word_1_104' title='bbox 653 1747 780 1805; x_wconf 84' lang='grc' dir='ltr'><strong><em>μην</em></strong></span> <span class='ocrx_word' id='word_1_105' title='bbox 829 1723 915 1812; x_wconf 84' lang='lat' dir='ltr'><strong><em>(p.</em></strong></span> <span class='ocrx_word' id='word_1_106' title='bbox 955 1727 1041 1789; x_wconf 87' lang='lat'><strong><em>48</em></strong></span> <span class='ocrx_word' id='word_1_107' title='bbox 1065 1771 1085 1801; x_wconf 91' lang='lat'>‚</span> <span class='ocrx_word' id='word_1_108' title='bbox 1131 1725 1196 1788; x_wconf 87' lang='grc'><strong><em>6.</em></strong></span> <span class='ocrx_word' id='word_1_109' title='bbox 1245 1719 1532 1809; x_wconf 83' lang='lat' dir='ltr'><strong>Rrrscm.)</strong></span> <span class='ocrx_word' id='word_1_110' title='bbox 1594 1720 1985 1787; x_wconf 82' lang='lat' dir='ltr'><strong>auctoritate</strong></span> <span class='ocrx_word' id='word_1_111' title='bbox 2010 1769 2028 1798; x_wconf 94' lang='lat'>‚</span> <span class='ocrx_word' id='word_1_112' title='bbox 2075 1718 2188 1806; x_wconf 86' lang='lat' dir='ltr'><strong>qui</strong></span> <span class='ocrx_word' id='word_1_113' title='bbox 2236 1735 2380 1785; x_wconf 88' lang='lat' dir='ltr'><strong>eam</strong></span> <span class='ocrx_word' id='word_1_114' title='bbox 2425 1738 2462 1784; x_wconf 91' lang='lat' dir='ltr'><strong>e</strong></span> <span class='ocrx_word' id='word_1_115' title='bbox 2507 1717 2775 1785; x_wconf 63' lang='lat' dir='ltr'><strong>Lucumo</strong></span> <span class='ocrx_word' id='word_1_116' title='bbox 2823 1720 3028 1789; x_wconf 81' lang='lat' dir='ltr'><strong>affert.</strong></span> 
     </span>
    </p>
   </div>
   <div class='ocr_carea' id='block_1_4' title="bbox 637 1821 3169 4652">
    <p class='ocr_par' dir='ltr' id='par_1_4' title="bbox 651 1821 3039 2970">
     <span class='ocr_line' id='line_1_13' title="bbox 657 1821 3031 1913; baseline -0.001 -17"><span class='ocrx_word' id='word_1_117' title='bbox 657 1827 783 1896; x_wconf 86' lang='lat' dir='ltr'><strong>Sed</strong></span> <span class='ocrx_word' id='word_1_118' title='bbox 830 1829 1095 1896; x_wconf 70' lang='lat' dir='ltr'><strong>Tuomu</strong></span> <span class='ocrx_word' id='word_1_119' title='bbox 1139 1826 1498 1892; x_wconf 69' lang='lat' dir='ltr'><strong>himma-nun</strong></span> <span class='ocrx_word' id='word_1_120' title='bbox 1550 1826 1830 1913; x_wconf 87' lang='lat' dir='ltr'><strong>pessimo</strong></span> <span class='ocrx_word' id='word_1_121' title='bbox 1876 1845 2070 1892; x_wconf 88' lang='lat' dir='ltr'><strong>usum</strong></span> <span class='ocrx_word' id='word_1_122' title='bbox 2132 1841 2274 1890; x_wconf 87' lang='lat' dir='ltr'><strong>esse</strong></span> <span class='ocrx_word' id='word_1_123' title='bbox 2308 1821 2561 1889; x_wconf 72' lang='lat' dir='ltr'><strong>Lucum</strong></span> <span class='ocrx_word' id='word_1_124' title='bbox 2597 1823 2820 1892; x_wconf 87' lang='lat' dir='ltr'><strong>codice</strong></span> <span class='ocrx_word' id='word_1_125' title='bbox 2839 1876 2859 1905; x_wconf 89' lang='lat'>‚</span> <span class='ocrx_word' id='word_1_126' title='bbox 2910 1847 3031 1893; x_wconf 88' lang='lat' dir='ltr'><strong><em>non</em></strong></span> 
     </span>
     <span class='ocr_line' id='line_1_14' title="bbox 655 1927 3033 2021; baseline 0 -22"><span class='ocrx_word' id='word_1_127' title='bbox 655 1931 784 2000; x_wconf 88' lang='lat' dir='ltr'><strong><em>hoc</em></strong></span> <span class='ocrx_word' id='word_1_128' title='bbox 853 1933 1123 2001; x_wconf 87' lang='lat' dir='ltr'><strong>unicum</strong></span> <span class='ocrx_word' id='word_1_129' title='bbox 1202 1930 1518 2021; x_wconf 87' lang='lat' dir='ltr'><strong>(alterum</strong></span> <span class='ocrx_word' id='word_1_130' title='bbox 1597 1931 1814 2017; x_wconf 91' lang='lat' dir='ltr'><strong>ipsum</strong></span> <span class='ocrx_word' id='word_1_131' title='bbox 1883 1929 2209 1996; x_wconf 79' lang='lat' dir='ltr'><strong>Somnium</strong></span> <span class='ocrx_word' id='word_1_132' title='bbox 2283 1927 2585 2016; x_wconf 85' lang='lat' dir='ltr'><strong>praebet)</strong></span> <span class='ocrx_word' id='word_1_133' title='bbox 2663 1931 3033 2019; x_wconf 84' lang='lat' dir='ltr'><strong>exemplum</strong></span> 
     </span>
     <span class='ocr_line' id='line_1_15' title="bbox 653 2027 3034 2128; baseline -0 -23"><span class='ocrx_word' id='word_1_134' title='bbox 653 2045 790 2118; x_wconf 88' lang='lat' dir='ltr'><strong>est,</strong></span> <span class='ocrx_word' id='word_1_135' title='bbox 836 2056 872 2105; x_wconf 89' lang='lat' dir='ltr'><strong>e</strong></span> <span class='ocrx_word' id='word_1_136' title='bbox 914 2056 1042 2124; x_wconf 91' lang='lat' dir='ltr'><strong><em>quo</em></strong></span> <span class='ocrx_word' id='word_1_137' title='bbox 1089 2027 1390 2122; x_wconf 78' lang='lat' dir='ltr'><strong>colligere</strong></span> <span class='ocrx_word' id='word_1_138' title='bbox 1427 2033 1640 2100; x_wconf 87' lang='lat' dir='ltr'><strong>liceat.</strong></span> <span class='ocrx_word' id='word_1_139' title='bbox 1732 2035 1825 2102; x_wconf 85' lang='lat' dir='ltr'><strong>De</strong></span> <span class='ocrx_word' id='word_1_140' title='bbox 1870 2034 2016 2101; x_wconf 85' lang='lat' dir='ltr'><strong>aliis</strong></span> <span class='ocrx_word' id='word_1_141' title='bbox 2054 2030 2381 2101; x_wconf 82' lang='lat' dir='ltr'><strong>nonnullis</strong></span> <span class='ocrx_word' id='word_1_142' title='bbox 2424 2031 2851 2128; x_wconf 85' lang='lat' dir='ltr'><strong>barbarismis</strong></span> <span class='ocrx_word' id='word_1_143' title='bbox 2898 2039 3034 2124; x_wconf 84' lang='lat' dir='ltr'><strong>qui-</strong></span> 
     </span>
     <span class='ocr_line' id='line_1_16' title="bbox 654 2135 3035 2231; baseline -0 -21"><span class='ocrx_word' id='word_1_144' title='bbox 654 2142 779 2210; x_wconf 88' lang='lat' dir='ltr'><strong><em>bus</em></strong></span> <span class='ocrx_word' id='word_1_145' title='bbox 819 2141 1059 2231; x_wconf 83' lang='lat' dir='ltr'><strong>absque</strong></span> <span class='ocrx_word' id='word_1_146' title='bbox 1117 2141 1294 2207; x_wconf 88' lang='lat' dir='ltr'><strong>omni</strong></span> <span class='ocrx_word' id='word_1_147' title='bbox 1335 2138 1582 2206; x_wconf 77' lang='lat' dir='ltr'><strong>Lucum</strong></span> <span class='ocrx_word' id='word_1_148' title='bbox 1632 2139 1823 2226; x_wconf 86' lang='lat' dir='ltr'><strong>culpa</strong></span> <span class='ocrx_word' id='word_1_149' title='bbox 1866 2138 2191 2205; x_wconf 80' lang='lat' dir='ltr'><strong>Somnium</strong></span> <span class='ocrx_word' id='word_1_150' title='bbox 2231 2135 2412 2203; x_wconf 91' lang='lat' dir='ltr'><strong>foede</strong></span> <span class='ocrx_word' id='word_1_151' title='bbox 2456 2145 2555 2204; x_wconf 87' lang='lat' dir='ltr'><strong><em>est</em></strong></span> <span class='ocrx_word' id='word_1_152' title='bbox 2600 2139 3035 2222; x_wconf 87' lang='lat' dir='ltr'><strong>maculatum,</strong></span> 
     </span>
     <span class='ocr_line' id='line_1_17' title="bbox 655 2235 3035 2336; baseline -0 -21"><span class='ocrx_word' id='word_1_153' title='bbox 655 2253 879 2336; x_wconf 81' lang='lat' dir='ltr'><strong>postea</strong></span> <span class='ocrx_word' id='word_1_154' title='bbox 924 2235 1156 2314; x_wconf 46' lang='lat' dir='ltr'><strong>sermo‘</strong></span> <span class='ocrx_word' id='word_1_155' title='bbox 1198 2246 1343 2313; x_wconf 88' lang='lat' dir='ltr'><strong>erit.</strong></span> <span class='ocrx_word' id='word_1_156' title='bbox 1448 2243 1606 2310; x_wconf 85' lang='lat' dir='ltr'><strong><em>Tim.</em></strong></span> <span class='ocrx_word' id='word_1_157' title='bbox 1650 2247 1712 2310; x_wconf 77' lang='lat'><strong><em>2.</em></strong></span> <span class='ocrx_word' id='word_1_158' title='bbox 1778 2245 1866 2310; x_wconf 77' lang='grc' dir='ltr'><strong><em>τά</em></strong></span> <span class='ocrx_word' id='word_1_159' title='bbox 1912 2241 2045 2311; x_wconf 79' lang='grc' dir='ltr'><strong><em>ὦτα</em></strong></span> <span class='ocrx_word' id='word_1_160' title='bbox 2090 2243 2675 2326; x_wconf 69' lang='grc' dir='ltr'><strong><em>ἐκκεκώφησαι,</em></strong></span> <span class='ocrx_word' id='word_1_161' title='bbox 2728 2243 2940 2330; x_wconf 68' lang='grc' dir='ltr'><strong><em>ὥσπερ</em></strong></span> <span class='ocrx_word' id='word_1_162' title='bbox 2982 2251 3035 2314; x_wconf 81' lang='grc' dir='ltr'><strong><em>οἱ</em></strong></span> 
     </span>
     <span class='ocr_line' id='line_1_18' title="bbox 655 2343 3032 2439; baseline 0.001 -21"><span class='ocrx_word' id='word_1_163' title='bbox 655 2351 1094 2434; x_wconf 71' lang='grc' dir='ltr'><strong><em>παρηβηκότες</em></strong></span> <span class='ocrx_word' id='word_1_164' title='bbox 1159 2348 1907 2439; x_wconf 77' lang='grc' dir='ltr'><strong><em>(Αῑῑίοθ3.ἕκκωφόω).</em></strong></span> <span class='ocrx_word' id='word_1_165' title='bbox 2000 2349 2165 2414; x_wconf 77' lang='lat' dir='ltr'><strong>Ibid.</strong></span> <span class='ocrx_word' id='word_1_166' title='bbox 2212 2353 2338 2414; x_wconf 84' lang='grc'><strong><em>123</em></strong></span> <span class='ocrx_word' id='word_1_167' title='bbox 2398 2343 2560 2415; x_wconf 69' lang='grc' dir='ltr'><strong><em>οὖτὸι</em></strong></span> <span class='ocrx_word' id='word_1_168' title='bbox 2613 2347 2679 2415; x_wconf 77' lang='grc' dir='ltr'><strong><em>δὲ</em></strong></span> <span class='ocrx_word' id='word_1_169' title='bbox 2738 2353 2797 2417; x_wconf 86' lang='grc' dir='ltr'><strong><em>οἱ</em></strong></span> <span class='ocrx_word' id='word_1_170' title='bbox 2858 2352 3032 2436; x_wconf 87' lang='grc' dir='ltr'><strong><em>λάροι</em></strong></span> 
     </span>
     <span class='ocr_line' id='line_1_19' title="bbox 653 2451 3036 2540; baseline 0.001 -18"><span class='ocrx_word' id='word_1_171' title='bbox 653 2465 734 2540; x_wconf 70' lang='grc' dir='ltr'><strong><em>τῇ</em></strong></span> <span class='ocrx_word' id='word_1_172' title='bbox 780 2455 966 2538; x_wconf 68' lang='grc' dir='ltr'><strong><em>πενίᾳ</em></strong></span> <span class='ocrx_word' id='word_1_173' title='bbox 1009 2453 1508 2531; x_wconf 76' lang='grc' dir='ltr'><strong><em>ξυνέστωσαν.</em></strong></span> <span class='ocrx_word' id='word_1_174' title='bbox 1601 2453 1769 2519; x_wconf 77' lang='lat' dir='ltr'><strong>Ibid.</strong></span> <span class='ocrx_word' id='word_1_175' title='bbox 1809 2460 1935 2524; x_wconf 82' lang='lat'><strong><em>19:</em></strong></span> <span class='ocrx_word' id='word_1_176' title='bbox 1982 2451 2145 2529; x_wconf 65' lang='grc' dir='ltr'><strong><em>ὅπως</em></strong></span> <span class='ocrx_word' id='word_1_177' title='bbox 2191 2455 2298 2520; x_wconf 82' lang='grc' dir='ltr'><strong><em>τὸν</em></strong></span> <span class='ocrx_word' id='word_1_178' title='bbox 2356 2454 2642 2535; x_wconf 85' lang='grc' dir='ltr'><strong><em>κεραυνὸν</em></strong></span> <span class='ocrx_word' id='word_1_179' title='bbox 2692 2457 3036 2536; x_wconf 77' lang='grc' dir='ltr'><strong><em>ἀκονήσαν-</em></strong></span> 
     </span>
     <span class='ocr_line' id='line_1_20' title="bbox 655 2545 3035 2640; baseline 0.001 -14"><span class='ocrx_word' id='word_1_180' title='bbox 655 2583 762 2634; x_wconf 87' lang='grc' dir='ltr'><strong><em>τες</em></strong></span> <span class='ocrx_word' id='word_1_181' title='bbox 824 2545 1459 2626; x_wconf 76' lang='grc' dir='ltr'><strong><em>ἒπισκευάσωσιν.</em></strong></span> <span class='ocrx_word' id='word_1_182' title='bbox 1553 2556 1720 2623; x_wconf 78' lang='lat' dir='ltr'><strong>lbid.</strong></span> <span class='ocrx_word' id='word_1_183' title='bbox 1766 2563 1893 2625; x_wconf 84' lang='lat'><strong><em>57:</em></strong></span> <span class='ocrx_word' id='word_1_184' title='bbox 1960 2557 2262 2639; x_wconf 77' lang='grc' dir='ltr'><strong><em>ἀνέξομαι</em></strong></span> <span class='ocrx_word' id='word_1_185' title='bbox 2332 2555 2458 2640; x_wconf 85' lang='grc' dir='ltr'><strong><em>γάρ</em></strong></span> <span class='ocrx_word' id='word_1_186' title='bbox 2520 2582 2605 2624; x_wconf 89' lang='grc' dir='ltr'><strong><em>σε</em></strong></span> <span class='ocrx_word' id='word_1_187' title='bbox 2668 2561 2871 2640; x_wconf 81' lang='grc' dir='ltr'><strong><em>ὀλίγα</em></strong></span> <span class='ocrx_word' id='word_1_188' title='bbox 2926 2563 3035 2628; x_wconf 82' lang='grc' dir='ltr'><strong><em>λέ-</em></strong></span> 
     </span>
     <span class='ocr_line' id='line_1_21' title="bbox 653 2661 3035 2755; baseline -0.001 -23"><span class='ocrx_word' id='word_1_189' title='bbox 653 2689 898 2746; x_wconf 89' lang='grc' dir='ltr'><strong><em>γοντα</em></strong></span> <span class='ocrx_word' id='word_1_190' title='bbox 957 2661 1062 2732; x_wconf 72' lang='grc' dir='ltr'><strong><em>δια</em></strong></span> <span class='ocrx_word' id='word_1_191' title='bbox 1121 2665 1226 2732; x_wconf 79' lang='grc' dir='ltr'><strong><em>τὸν</em></strong></span> <span class='ocrx_word' id='word_1_192' title='bbox 1278 2669 1509 2747; x_wconf 76' lang='grc' dir='ltr'><strong><em>Ἑρμῆν</em></strong></span> <span class='ocrx_word' id='word_1_193' title='bbox 1555 2662 1795 2729; x_wconf 88' lang='grc' dir='ltr'><strong><em>τουτονί</em></strong></span> <span class='ocrx_word' id='word_1_194' title='bbox 1866 2662 2131 2753; x_wconf 81' lang='lat' dir='ltr'><strong>(Graece</strong></span> <span class='ocrx_word' id='word_1_195' title='bbox 2191 2688 2301 2730; x_wconf 90' lang='grc' dir='ltr'><strong><em>σου</em></strong></span> <span class='ocrx_word' id='word_1_196' title='bbox 2356 2663 2551 2742; x_wconf 85' lang='grc' dir='ltr'><strong><em>όλίγα</em></strong></span> <span class='ocrx_word' id='word_1_197' title='bbox 2610 2665 3035 2755; x_wconf 83' lang='grc' dir='ltr'><strong><em>λέγοντος).</em></strong></span> 
     </span>
     <span class='ocr_line' id='line_1_22' title="bbox 651 2764 3037 2853; baseline -0.001 -15"><span class='ocrx_word' id='word_1_198' title='bbox 651 2771 829 2839; x_wconf 74' lang='grc' dir='ltr'><strong><em>Βίαί.</em></strong></span> <span class='ocrx_word' id='word_1_199' title='bbox 875 2769 1136 2838; x_wconf 84' lang='lat' dir='ltr'><strong>Deor.I.</strong></span> <span class='ocrx_word' id='word_1_200' title='bbox 1187 2774 1258 2836; x_wconf 86' lang='grc'><strong><em>23</em></strong></span> <span class='ocrx_word' id='word_1_201' title='bbox 1303 2773 1370 2838; x_wconf 83' lang='grc' dir='ltr'><strong><em>οὐ</em></strong></span> <span class='ocrx_word' id='word_1_202' title='bbox 1408 2769 1536 2853; x_wconf 72' lang='grc' dir='ltr'><strong><em>γὰρ</em></strong></span> <span class='ocrx_word' id='word_1_203' title='bbox 1575 2770 1985 2849; x_wconf 75' lang='grc' dir='ltr'><strong><em>ἀγνοήσεις</em></strong></span> <span class='ocrx_word' id='word_1_204' title='bbox 2033 2764 2206 2844; x_wconf 75' lang='grc' dir='ltr'><strong><em>αὖθις</em></strong></span> <span class='ocrx_word' id='word_1_205' title='bbox 2248 2767 2801 2847; x_wconf 80' lang='grc' dir='ltr'><strong><em>ἔνθαὸΚαύκασός</em></strong></span> <span class='ocrx_word' id='word_1_206' title='bbox 2844 2774 3037 2839; x_wconf 89' lang='grc' dir='ltr'><strong><em>ε’στιν.</em></strong></span> 
     </span>
     <span class='ocr_line' id='line_1_23' title="bbox 653 2872 3039 2970; baseline 0 -27"><span class='ocrx_word' id='word_1_207' title='bbox 653 2875 824 2950; x_wconf 78' lang='lat' dir='ltr'><strong>Ibid.</strong></span> <span class='ocrx_word' id='word_1_208' title='bbox 865 2881 926 2944; x_wconf 78' lang='lat'><strong><em>5.</em></strong></span> <span class='ocrx_word' id='word_1_209' title='bbox 975 2882 1038 2944; x_wconf 88' lang='lat'><strong><em>2.</em></strong></span> <span class='ocrx_word' id='word_1_210' title='bbox 1133 2874 1352 2952; x_wconf 75' lang='grc' dir='ltr'><strong><em>Οὕτως</em></strong></span> <span class='ocrx_word' id='word_1_211' title='bbox 1391 2875 1632 2959; x_wconf 78' lang='grc' dir='ltr'><strong><em>ἠπόρεις</em></strong></span> <span class='ocrx_word' id='word_1_212' title='bbox 1692 2874 2017 2956; x_wconf 76' lang='grc' dir='ltr'><strong><em>οἰνοχόων,</em></strong></span> <span class='ocrx_word' id='word_1_213' title='bbox 2064 2872 2169 2960; x_wconf 72' lang='grc' dir='ltr'><strong><em>καὶ</em></strong></span> <span class='ocrx_word' id='word_1_214' title='bbox 2222 2875 2859 2970; x_wconf 67' lang='grc' dir='ltr'><strong><em>ἀπηγορεύκασιν</em></strong></span> <span class='ocrx_word' id='word_1_215' title='bbox 2916 2877 3039 2961; x_wconf 74' lang='grc' dir='ltr'><strong><em>ἄρα</em></strong></span> 
     </span>
    </p>

    <p class='ocr_par' dir='ltr' id='par_1_5' title="bbox 637 2978 3169 4652">
     <span class='ocr_line' id='line_1_24' title="bbox 654 2978 3040 3071; baseline -0 -23"><span class='ocrx_word' id='word_1_216' title='bbox 654 2981 696 3061; x_wconf 70' lang='grc' dir='ltr'><strong><em>ἶί</em></strong></span> <span class='ocrx_word' id='word_1_217' title='bbox 736 3007 810 3048; x_wconf 87' lang='grc' dir='ltr'><strong><em>τε</em></strong></span> <span class='ocrx_word' id='word_1_218' title='bbox 865 2981 1042 3061; x_wconf 84' lang='grc' dir='ltr'><strong><em>Ἥβη</em></strong></span> <span class='ocrx_word' id='word_1_219' title='bbox 1105 2982 1210 3048; x_wconf 75' lang='grc' dir='ltr'><strong><em>καὶ</em></strong></span> <span class='ocrx_word' id='word_1_220' title='bbox 1258 2983 1288 3049; x_wconf 78' lang='grc' dir='ltr'>ὅ</span> <span class='ocrx_word' id='word_1_221' title='bbox 1345 2988 1659 3065; x_wconf 77' lang='grc' dir='ltr'><strong><em>Ἡρακλῆς</em></strong></span> <span class='ocrx_word' id='word_1_222' title='bbox 1716 2979 2161 3061; x_wconf 80' lang='grc' dir='ltr'><strong><em>διακονούμενοι</em></strong></span> <span class='ocrx_word' id='word_1_223' title='bbox 2221 2978 2501 3068; x_wconf 63' lang='lat' dir='ltr'><strong>(Atticm</strong></span> <span class='ocrx_word' id='word_1_224' title='bbox 2569 2981 3040 3071; x_wconf 76' lang='grc' dir='ltr'><strong><em>ἀπειρήκασιν).</em></strong></span> 
     </span>
     <span class='ocr_line' id='line_1_25' title="bbox 653 3071 3041 3177; baseline 0 -23"><span class='ocrx_word' id='word_1_225' title='bbox 653 3085 828 3154; x_wconf 80' lang='lat' dir='ltr'><strong>Dial.</strong></span> <span class='ocrx_word' id='word_1_226' title='bbox 877 3071 1109 3154; x_wconf 60' lang='lat' dir='ltr'><strong>Maria.</strong></span> <span class='ocrx_word' id='word_1_227' title='bbox 1152 3087 1318 3154; x_wconf 89' lang='lat' dir='ltr'><strong>XIV.</strong></span> <span class='ocrx_word' id='word_1_228' title='bbox 1371 3092 1429 3154; x_wconf 87' lang='lat'><strong><em>4.</em></strong></span> <span class='ocrx_word' id='word_1_229' title='bbox 1501 3089 1715 3165; x_wconf 69' lang='grc' dir='ltr'><strong><em>ἱκανὴν</em></strong></span> <span class='ocrx_word' id='word_1_230' title='bbox 1767 3087 1894 3170; x_wconf 77' lang='grc' dir='ltr'><strong><em>γαρ</em></strong></span> <span class='ocrx_word' id='word_1_231' title='bbox 1957 3089 2105 3165; x_wconf 78' lang='grc' dir='ltr'><strong><em>ἡμῖν</em></strong></span> <span class='ocrx_word' id='word_1_232' title='bbox 2154 3085 2527 3170; x_wconf 78' lang='grc' dir='ltr'><strong><em>τιμωρίαν</em></strong></span> <span class='ocrx_word' id='word_1_233' title='bbox 2594 3084 2784 3153; x_wconf 84' lang='grc' dir='ltr'><strong><em>ἔδωκε</em></strong></span> <span class='ocrx_word' id='word_1_234' title='bbox 2852 3087 3041 3177; x_wconf 85' lang='lat' dir='ltr'><strong>(bene</strong></span> 
     </span>
     <span class='ocr_line' id='line_1_26' title="bbox 653 3189 3035 3288; baseline 0 -28"><span class='ocrx_word' id='word_1_235' title='bbox 653 3192 895 3260; x_wconf 84' lang='lat' dir='ltr'><strong>Graece</strong></span> <span class='ocrx_word' id='word_1_236' title='bbox 923 3191 1164 3269; x_wconf 62' lang='grc' dir='ltr'><strong><em>’δίκην</em></strong></span> <span class='ocrx_word' id='word_1_237' title='bbox 1222 3193 1424 3260; x_wconf 80' lang='grc' dir='ltr'><strong><em>δοῦναι</em></strong></span> <span class='ocrx_word' id='word_1_238' title='bbox 1477 3200 1618 3288; x_wconf 82' lang='lat' dir='ltr'><strong>erat</strong></span> <span class='ocrx_word' id='word_1_239' title='bbox 1652 3189 2055 3280; x_wconf 85' lang='lat' dir='ltr'><strong>dicendum).</strong></span> <span class='ocrx_word' id='word_1_240' title='bbox 2145 3189 2309 3255; x_wconf 78' lang='lat' dir='ltr'><strong>Ibid.</strong></span> <span class='ocrx_word' id='word_1_241' title='bbox 2359 3189 2494 3280; x_wconf 84' lang='lat' dir='ltr'><strong><em>XV.</em></strong></span> <span class='ocrx_word' id='word_1_242' title='bbox 2548 3195 2606 3257; x_wconf 92' lang='lat'><strong><em>1.</em></strong></span> <span class='ocrx_word' id='word_1_243' title='bbox 2664 3194 2893 3259; x_wconf 70' lang='grc' dir='ltr'><strong><em>Ἀλλὰ</em></strong></span> <span class='ocrx_word' id='word_1_244' title='bbox 2936 3195 3035 3260; x_wconf 80' lang='grc' dir='ltr'><strong><em>τὸν</em></strong></span> 
     </span>
     <span class='ocr_line' id='line_1_27' title="bbox 653 3293 3037 3386; baseline 0 -23"><span class='ocrx_word' id='word_1_245' title='bbox 653 3298 932 3364; x_wconf 76' lang='grc' dir='ltr'><strong><em>Σιδώνιον</em></strong></span> <span class='ocrx_word' id='word_1_246' title='bbox 954 3300 1264 3380; x_wconf 75' lang='grc' dir='ltr'><strong><em>Ἀγήνορα</em></strong></span> <span class='ocrx_word' id='word_1_247' title='bbox 1304 3294 1545 3373; x_wconf 70' lang='grc' dir='ltr'><strong><em>οἷδαςς</em></strong></span> <span class='ocrx_word' id='word_1_248' title='bbox 1575 3296 1781 3362; x_wconf 59' lang='lat' dir='ltr'><strong><em>‘Mem</em></strong></span> <span class='ocrx_word' id='word_1_249' title='bbox 1817 3295 1990 3386; x_wconf 64' lang='lat' dir='ltr'><strong>Diql.</strong></span> <span class='ocrx_word' id='word_1_250' title='bbox 2010 3293 2117 3362; x_wconf 89' lang='lat' dir='ltr'><strong><em>IV.</em></strong></span> <span class='ocrx_word' id='word_1_251' title='bbox 2146 3299 2221 3360; x_wconf 88' lang='grc'><strong><em>23</em></strong></span> <span class='ocrx_word' id='word_1_252' title='bbox 2253 3295 2495 3374; x_wconf 74' lang='grc' dir='ltr'><strong><em>ἥκουσιν</em></strong></span> <span class='ocrx_word' id='word_1_253' title='bbox 2518 3297 3037 3376; x_wconf 81' lang='grc' dir='ltr'><strong><em>ἐπιβουλεύοντες</em></strong></span> 
     </span>
     <span class='ocr_line' id='line_1_28' title="bbox 651 3397 3037 3492; baseline 0.002 -26"><span class='ocrx_word' id='word_1_254' title='bbox 651 3401 958 3476; x_wconf 75' lang='grc' dir='ltr'><strong><em>ἀλλήλοις</em></strong></span> <span class='ocrx_word' id='word_1_255' title='bbox 1029 3404 1108 3474; x_wconf 79' lang='grc' dir='ltr'><strong><em>ὦς</em></strong></span> <span class='ocrx_word' id='word_1_256' title='bbox 1188 3399 1522 3492; x_wconf 77' lang='grc' dir='ltr'><strong><em>ἐοίκασιν</em></strong></span> <span class='ocrx_word' id='word_1_257' title='bbox 1597 3397 1785 3488; x_wconf 86' lang='lat' dir='ltr'><strong>(adde</strong></span> <span class='ocrx_word' id='word_1_258' title='bbox 1854 3399 2021 3464; x_wconf 83' lang='lat' dir='ltr'><strong>Ibid.</strong></span> <span class='ocrx_word' id='word_1_259' title='bbox 2062 3398 2290 3466; x_wconf 89' lang='lat' dir='ltr'><strong>XVIII.</strong></span> <span class='ocrx_word' id='word_1_260' title='bbox 2344 3406 2405 3466; x_wconf 90' lang='lat'><strong><em>1.</em></strong></span> <span class='ocrx_word' id='word_1_261' title='bbox 2470 3401 2869 3484; x_wconf 72' lang='grc' dir='ltr'><strong><em>θαυμάζουσι</em></strong></span> <span class='ocrx_word' id='word_1_262' title='bbox 2947 3404 3037 3470; x_wconf 71' lang='grc' dir='ltr'><strong><em>τὰ</em></strong></span> 
     </span>
     <span class='ocr_line' id='line_1_29' title="bbox 650 3499 3035 3592; baseline 0.003 -22"><span class='ocrx_word' id='word_1_263' title='bbox 650 3506 811 3572; x_wconf 65' lang='lat' dir='ltr'><strong><em>aea-0⁸2</em></strong></span> <span class='ocrx_word' id='word_1_264' title='bbox 837 3554 857 3580; x_wconf 89' lang='lat'><strong>,</strong></span> <span class='ocrx_word' id='word_1_265' title='bbox 907 3499 984 3569; x_wconf 81' lang='grc' dir='ltr'><strong><em>ὦν</em></strong></span> <span class='ocrx_word' id='word_1_266' title='bbox 1030 3502 1106 3568; x_wconf 81' lang='grc' dir='ltr'><strong><em>σὺ</em></strong></span> <span class='ocrx_word' id='word_1_267' title='bbox 1154 3499 1365 3568; x_wconf 79' lang='grc' dir='ltr'><strong><em>ἔοικα</em></strong></span> <span class='ocrx_word' id='word_1_268' title='bbox 1385 3529 1415 3578; x_wconf 99' lang='grc' dir='ltr'><strong><em>ς</em></strong></span> <span class='ocrx_word' id='word_1_269' title='bbox 1483 3501 1947 3592; x_wconf 85' lang='grc' dir='ltr'><strong><em>καταφρονεῖν).</em></strong></span> <span class='ocrx_word' id='word_1_270' title='bbox 2019 3503 2061 3568; x_wconf 95' lang='lat' dir='ltr'><strong>I</strong></span> <span class='ocrx_word' id='word_1_271' title='bbox 2062 3503 2185 3570; x_wconf 81' lang='lat' dir='ltr'><strong>bid.</strong></span> <span class='ocrx_word' id='word_1_272' title='bbox 2228 3505 2305 3570; x_wconf 85' lang='lat' dir='ltr'><strong><em>V.</em></strong></span> <span class='ocrx_word' id='word_1_273' title='bbox 2356 3509 2439 3572; x_wconf 90' lang='grc'><strong><em>23</em></strong></span> <span class='ocrx_word' id='word_1_274' title='bbox 2486 3507 2589 3572; x_wconf 85' lang='grc' dir='ltr'><strong><em>τὸν</em></strong></span> <span class='ocrx_word' id='word_1_275' title='bbox 2648 3508 3035 3591; x_wconf 84' lang='grc' dir='ltr'><strong><em>όνειροπολη·</em></strong></span> 
     </span>
     <span class='ocr_line' id='line_1_30' title="bbox 651 3601 3044 3706; baseline 0 -28"><span class='ocrx_word' id='word_1_276' title='bbox 651 3609 836 3678; x_wconf 77' lang='grc' dir='ltr'><strong><em>θέντα</em></strong></span> <span class='ocrx_word' id='word_1_277' title='bbox 881 3613 1148 3676; x_wconf 79' lang='grc' dir='ltr'><strong><em>πλοῦτον</em></strong></span> <span class='ocrx_word' id='word_1_278' title='bbox 1193 3608 1612 3706; x_wconf 84' lang='grc' dir='ltr'><strong><em>ἀπολιπόντες</em></strong></span> <span class='ocrx_word' id='word_1_279' title='bbox 1660 3608 2047 3687; x_wconf 76' lang='grc' dir='ltr'><strong><em>ἡκέτωσαν</em></strong></span> <span class='ocrx_word' id='word_1_280' title='bbox 2090 3610 2225 3688; x_wconf 79' lang='grc' dir='ltr'><strong><em>ἤδη.</em></strong></span> <span class='ocrx_word' id='word_1_281' title='bbox 2303 3609 2443 3677; x_wconf 81' lang='lat' dir='ltr'><strong>Ver.</strong></span> <span class='ocrx_word' id='word_1_282' title='bbox 2492 3601 2685 3678; x_wconf 75' lang='lat' dir='ltr'><strong>His&#39;tt.</strong></span> <span class='ocrx_word' id='word_1_283' title='bbox 2729 3613 2778 3680; x_wconf 95' lang='lat' dir='ltr'><strong><em>I.</em></strong></span> <span class='ocrx_word' id='word_1_284' title='bbox 2836 3619 2916 3681; x_wconf 84' lang='lat'><strong><em>7:</em></strong></span> <span class='ocrx_word' id='word_1_285' title='bbox 2960 3613 3044 3680; x_wconf 75' lang='grc' dir='ltr'><strong><em>τὸ</em></strong></span> 
     </span>
     <span class='ocr_line' id='line_1_31' title="bbox 651 3702 3049 3802; baseline 0 -20"><span class='ocrx_word' id='word_1_286' title='bbox 651 3716 768 3797; x_wconf 76' lang='grc' dir='ltr'><strong><em>μὲν</em></strong></span> <span class='ocrx_word' id='word_1_287' title='bbox 810 3719 918 3782; x_wconf 84' lang='grc' dir='ltr'><strong><em>τοῦ</em></strong></span> <span class='ocrx_word' id='word_1_288' title='bbox 963 3713 1262 3780; x_wconf 84' lang='grc' dir='ltr'><strong><em>Διονύσου</em></strong></span> <span class='ocrx_word' id='word_1_289' title='bbox 1295 3715 1368 3780; x_wconf 78' lang='grc' dir='ltr'><strong><em>τὸ</em></strong></span> <span class='ocrx_word' id='word_1_290' title='bbox 1413 3702 1875 3799; x_wconf 79' lang='grc' dir='ltr'><strong><em>μικρότερον.</em></strong></span> <span class='ocrx_word' id='word_1_291' title='bbox 1938 3715 2103 3780; x_wconf 79' lang='lat' dir='ltr'><strong>Ibid.</strong></span> <span class='ocrx_word' id='word_1_292' title='bbox 2134 3720 2253 3783; x_wconf 80' lang='lat'><strong><em>50:</em></strong></span> <span class='ocrx_word' id='word_1_293' title='bbox 2301 3719 2367 3783; x_wconf 84' lang='grc' dir='ltr'><strong><em>οὖ</em></strong></span> <span class='ocrx_word' id='word_1_294' title='bbox 2414 3717 2623 3796; x_wconf 83' lang='grc' dir='ltr'><strong><em>μέντοι</em></strong></span> <span class='ocrx_word' id='word_1_295' title='bbox 2648 3715 2817 3802; x_wconf 75' lang='grc' dir='ltr'><strong><em>ἔφθη</em></strong></span> <span class='ocrx_word' id='word_1_296' title='bbox 2862 3743 3049 3785; x_wconf 75' lang='grc' dir='ltr'><strong><em>συν-</em></strong></span> 
     </span>
     <span class='ocr_line' id='line_1_32' title="bbox 647 3817 3061 3916; baseline 0.003 -28"><span class='ocrx_word' id='word_1_297' title='bbox 647 3818 953 3906; x_wconf 74' lang='grc' dir='ltr'><strong><em>αράξαι.</em></strong></span> <span class='ocrx_word' id='word_1_298' title='bbox 1019 3817 1184 3885; x_wconf 76' lang='lat' dir='ltr'><strong>Ibid.</strong></span> <span class='ocrx_word' id='word_1_299' title='bbox 1221 3818 1302 3885; x_wconf 92' lang='lat'><strong><em>11.</em></strong></span> <span class='ocrx_word' id='word_1_300' title='bbox 1343 3823 1463 3886; x_wconf 76' lang='grc'><strong><em>253</em></strong></span> <span class='ocrx_word' id='word_1_301' title='bbox 1512 3821 1618 3887; x_wconf 82' lang='grc' dir='ltr'><strong><em>κα)</em></strong></span> <span class='ocrx_word' id='word_1_302' title='bbox 1660 3817 1822 3895; x_wconf 77' lang='grc' dir='ltr'><strong><em>αὕτη</em></strong></span> <span class='ocrx_word' id='word_1_303' title='bbox 1863 3821 1928 3886; x_wconf 81' lang='grc' dir='ltr'><strong><em>δὲ</em></strong></span> <span class='ocrx_word' id='word_1_304' title='bbox 1986 3823 2095 3886; x_wconf 80' lang='grc' dir='ltr'><strong><em>οὐκ</em></strong></span> <span class='ocrx_word' id='word_1_305' title='bbox 2150 3821 2403 3906; x_wconf 70' lang='grc' dir='ltr'><strong><em>ἀφανὴς</em></strong></span> <span class='ocrx_word' id='word_1_306' title='bbox 2444 3820 2513 3900; x_wconf 78' lang='grc' dir='ltr'><strong><em>ἦν</em></strong></span> <span class='ocrx_word' id='word_1_307' title='bbox 2544 3824 2831 3900; x_wconf 82' lang='grc' dir='ltr'><strong><em>ε’πινῶς</em></strong></span> <span class='ocrx_word' id='word_1_308' title='bbox 2882 3825 3061 3916; x_wconf 79' lang='lat' dir='ltr'><strong>(leg-</strong></span> 
     </span>
     <span class='ocr_line' id='line_1_33' title="bbox 646 3922 3067 4018; baseline 0.002 -26"><span class='ocrx_word' id='word_1_309' title='bbox 646 3922 1068 4018; x_wconf 72' lang='grc' dir='ltr'><strong><em>ἐπιμανῶς).</em></strong></span> <span class='ocrx_word' id='word_1_310' title='bbox 1103 3925 1489 4004; x_wconf 81' lang='grc' dir='ltr'><strong><em>ἀγαπῶσα</em></strong></span> <span class='ocrx_word' id='word_1_311' title='bbox 1554 3926 1659 3992; x_wconf 82' lang='grc' dir='ltr'><strong><em>τὸν</em></strong></span> <span class='ocrx_word' id='word_1_312' title='bbox 1711 3925 2045 3992; x_wconf 88' lang='grc' dir='ltr'><strong><em>νεανίσκον.</em></strong></span> <span class='ocrx_word' id='word_1_313' title='bbox 2123 3924 2319 3991; x_wconf 81' lang='lat' dir='ltr'><strong>Vitar.</strong></span> <span class='ocrx_word' id='word_1_314' title='bbox 2365 3924 2551 3996; x_wconf 82' lang='lat' dir='ltr'><strong>Auct.</strong></span> <span class='ocrx_word' id='word_1_315' title='bbox 2596 3931 2679 3994; x_wconf 86' lang='grc'><strong><em>63</em></strong></span> <span class='ocrx_word' id='word_1_316' title='bbox 2754 3932 2915 4006; x_wconf 80' lang='grc' dir='ltr'><strong><em>Θεὸς</em></strong></span> <span class='ocrx_word' id='word_1_317' title='bbox 2964 3935 3067 3999; x_wconf 79' lang='grc' dir='ltr'><strong><em>οὖ</em></strong></span> 
     </span>
     <span class='ocr_line' id='line_1_34' title="bbox 643 4026 3087 4126; baseline 0.003 -30"><span class='ocrx_word' id='word_1_318' title='bbox 643 4027 913 4112; x_wconf 84' lang='grc' dir='ltr'><strong><em>βροτός</em></strong></span> <span class='ocrx_word' id='word_1_319' title='bbox 958 4053 1053 4105; x_wconf 90' lang='grc' dir='ltr'><strong><em>τις</em></strong></span> <span class='ocrx_word' id='word_1_320' title='bbox 1083 4026 1256 4126; x_wconf 23' lang='grc' dir='ltr'><strong><em>,εἶναι</em></strong></span> <span class='ocrx_word' id='word_1_321' title='bbox 1305 4029 1605 4114; x_wconf 84' lang='grc' dir='ltr'><strong><em>φαίνεται</em></strong></span> <span class='ocrx_word' id='word_1_322' title='bbox 1659 4029 1810 4120; x_wconf 88' lang='lat' dir='ltr'><strong>(non</strong></span> <span class='ocrx_word' id='word_1_323' title='bbox 1844 4029 2085 4114; x_wconf 87' lang='grc' dir='ltr'><strong><em>βροτοί,</em></strong></span> <span class='ocrx_word' id='word_1_324' title='bbox 2132 4029 2244 4096; x_wconf 86' lang='lat' dir='ltr'><strong>sed</strong></span> <span class='ocrx_word' id='word_1_325' title='bbox 2289 4031 2490 4106; x_wconf 76' lang='grc' dir='ltr'><strong><em>θνητοί</em></strong></span> <span class='ocrx_word' id='word_1_326' title='bbox 2534 4033 2676 4100; x_wconf 88' lang='lat' dir='ltr'><strong>Diis</strong></span> <span class='ocrx_word' id='word_1_327' title='bbox 2714 4045 2879 4102; x_wconf 86' lang='lat' dir='ltr'><strong>sunt</strong></span> <span class='ocrx_word' id='word_1_328' title='bbox 2924 4057 3087 4124; x_wconf 80' lang='lat' dir='ltr'><strong><em>op-</em></strong></span> 
     </span>
     <span class='ocr_line' id='line_1_35' title="bbox 640 4133 3099 4231; baseline 0.005 -30"><span class='ocrx_word' id='word_1_329' title='bbox 640 4133 898 4231; x_wconf 62' lang='lat' dir='ltr'><strong>positi).</strong></span> <span class='ocrx_word' id='word_1_330' title='bbox 979 4133 1182 4216; x_wconf 85' lang='lat' dir='ltr'><strong>Quem</strong></span> <span class='ocrx_word' id='word_1_331' title='bbox 1229 4155 1267 4202; x_wconf 83' lang='lat' dir='ltr'><strong>a</strong></span> <span class='ocrx_word' id='word_1_332' title='bbox 1313 4135 1577 4202; x_wconf 65' lang='lat' dir='ltr'><strong>Lucumo</strong></span> <span class='ocrx_word' id='word_1_333' title='bbox 1639 4142 2050 4222; x_wconf 88' lang='lat' dir='ltr'><strong>peccatorum</strong></span> <span class='ocrx_word' id='word_1_334' title='bbox 2111 4133 2472 4222; x_wconf 82' lang='lat' dir='ltr'><strong>catalogum</strong></span> <span class='ocrx_word' id='word_1_335' title='bbox 2542 4136 2719 4204; x_wconf 86' lang='lat' dir='ltr'><strong>facili</strong></span> <span class='ocrx_word' id='word_1_336' title='bbox 2766 4144 3099 4228; x_wconf 79' lang='lat' dir='ltr'><strong>negotio</strong></span> 
     </span>
     <span class='ocr_line' id='line_1_36' title="bbox 640 4239 3121 4329; baseline 0.002 -23"><span class='ocrx_word' id='word_1_337' title='bbox 640 4239 868 4306; x_wconf 82' lang='lat' dir='ltr'><strong>multis</strong></span> <span class='ocrx_word' id='word_1_338' title='bbox 891 4255 1143 4326; x_wconf 89' lang='lat' dir='ltr'><strong>possem</strong></span> <span class='ocrx_word' id='word_1_339' title='bbox 1167 4259 1438 4326; x_wconf 86' lang='lat' dir='ltr'><strong>augere;</strong></span> <span class='ocrx_word' id='word_1_340' title='bbox 1486 4241 1592 4308; x_wconf 91' lang='lat' dir='ltr'><strong>cui</strong></span> <span class='ocrx_word' id='word_1_341' title='bbox 1636 4241 1737 4306; x_wconf 86' lang='lat' dir='ltr'><strong><em>rei</em></strong></span> <span class='ocrx_word' id='word_1_342' title='bbox 1783 4240 1984 4307; x_wconf 84' lang='lat' dir='ltr'><strong>altera</strong></span> <span class='ocrx_word' id='word_1_343' title='bbox 2008 4259 2194 4329; x_wconf 86' lang='lat' dir='ltr'><strong>spero</strong></span> <span class='ocrx_word' id='word_1_344' title='bbox 2235 4240 2606 4329; x_wconf 85' lang='lat' dir='ltr'><strong>propediem</strong></span> <span class='ocrx_word' id='word_1_345' title='bbox 2652 4247 2917 4312; x_wconf 88' lang='lat' dir='ltr'><strong>occasio</strong></span> <span class='ocrx_word' id='word_1_346' title='bbox 2970 4269 3121 4323; x_wconf 60' lang='lat' dir='ltr'><strong><em>se</em></strong></span> 
     </span>
     <span class='ocr_line' id='line_1_37' title="bbox 637 4343 3137 4436; baseline 0.003 -26"><span class='ocrx_word' id='word_1_347' title='bbox 637 4344 988 4433; x_wconf 86' lang='lat' dir='ltr'><strong>praebebit.</strong></span> <span class='ocrx_word' id='word_1_348' title='bbox 1099 4343 1333 4411; x_wconf 90' lang='lat' dir='ltr'><strong>Paucis</strong></span> <span class='ocrx_word' id='word_1_349' title='bbox 1388 4345 1560 4412; x_wconf 89' lang='lat' dir='ltr'><strong>enim</strong></span> <span class='ocrx_word' id='word_1_350' title='bbox 1621 4345 1965 4432; x_wconf 87' lang='lat' dir='ltr'><strong>propositis</strong></span> <span class='ocrx_word' id='word_1_351' title='bbox 2034 4345 2342 4434; x_wconf 87' lang='lat' dir='ltr'><strong>exemplis</strong></span> <span class='ocrx_word' id='word_1_352' title='bbox 2365 4395 2386 4424; x_wconf 88' lang='lat'>‚</span> <span class='ocrx_word' id='word_1_353' title='bbox 2461 4345 2700 4433; x_wconf 87' lang='lat' dir='ltr'><strong>quibus</strong></span> <span class='ocrx_word' id='word_1_354' title='bbox 2768 4351 3137 4436; x_wconf 65' lang='lat' dir='ltr'><strong>poetica</strong></span> 
     </span>
     <span class='ocr_line' id='line_1_38' title="bbox 640 4447 3145 4540; baseline 0.003 -22"><span class='ocrx_word' id='word_1_355' title='bbox 640 4447 1046 4536; x_wconf 81' lang='lat' dir='ltr'><strong>obsoletaque</strong></span> <span class='ocrx_word' id='word_1_356' title='bbox 1090 4451 1160 4515; x_wconf 87' lang='lat' dir='ltr'><strong>in</strong></span> <span class='ocrx_word' id='word_1_357' title='bbox 1198 4448 1482 4536; x_wconf 85' lang='lat' dir='ltr'><strong>dialogos</strong></span> <span class='ocrx_word' id='word_1_358' title='bbox 1521 4449 1884 4516; x_wconf 77' lang='lat' dir='ltr'><strong>introduxit</strong></span> <span class='ocrx_word' id='word_1_359' title='bbox 1932 4448 2237 4516; x_wconf 86' lang='lat' dir='ltr'><strong>vocabula</strong></span> <span class='ocrx_word' id='word_1_360' title='bbox 2254 4500 2275 4528; x_wconf 94' lang='lat'><strong><em>,</em></strong></span> <span class='ocrx_word' id='word_1_361' title='bbox 2319 4448 2400 4516; x_wconf 88' lang='lat' dir='ltr'><strong><em>ad</em></strong></span> <span class='ocrx_word' id='word_1_362' title='bbox 2442 4451 2510 4517; x_wconf 89' lang='lat' dir='ltr'><strong>id</strong></span> <span class='ocrx_word' id='word_1_363' title='bbox 2550 4471 2832 4540; x_wconf 87' lang='lat' dir='ltr'><strong>propero</strong></span> <span class='ocrx_word' id='word_1_364' title='bbox 2848 4506 2869 4535; x_wconf 91' lang='lat'><em>,</em></span> <span class='ocrx_word' id='word_1_365' title='bbox 2920 4477 3145 4536; x_wconf 66' lang='lat' dir='ltr'><strong><em>eu.</em></strong></span> 
     </span>
     <span class='ocr_line' id='line_1_39' title="bbox 637 4553 3169 4652; baseline 0.002 -28"><span class='ocrx_word' id='word_1_366' title='bbox 637 4557 741 4624; x_wconf 89' lang='lat' dir='ltr'><strong>ius</strong></span> <span class='ocrx_word' id='word_1_367' title='bbox 767 4555 998 4623; x_wconf 76' lang='lat' dir='ltr'><strong>&#39;causa</strong></span> <span class='ocrx_word' id='word_1_368' title='bbox 1043 4554 1250 4622; x_wconf 51' lang='lat' dir='ltr'><strong>fomni</strong></span> <span class='ocrx_word' id='word_1_369' title='bbox 1312 4555 1442 4622; x_wconf 87' lang='lat' dir='ltr'><strong>iam</strong></span> <span class='ocrx_word' id='word_1_370' title='bbox 1504 4553 1624 4622; x_wconf 87' lang='lat' dir='ltr'><strong><em>hac</em></strong></span> <span class='ocrx_word' id='word_1_371' title='bbox 1649 4605 1667 4633; x_wconf 90' lang='lat'><strong><em>,</em></strong></span> <span class='ocrx_word' id='word_1_372' title='bbox 1730 4572 1932 4642; x_wconf 85' lang='lat' dir='ltr'><strong>eaque</strong></span> <span class='ocrx_word' id='word_1_373' title='bbox 2002 4554 2199 4622; x_wconf 90' lang='lat' dir='ltr'><strong>nimis</strong></span> <span class='ocrx_word' id='word_1_374' title='bbox 2268 4575 2493 4626; x_wconf 88' lang='lat' dir='ltr'><strong>vereor</strong></span> <span class='ocrx_word' id='word_1_375' title='bbox 2559 4556 2794 4648; x_wconf 88' lang='lat' dir='ltr'><strong>longa,</strong></span> <span class='ocrx_word' id='word_1_376' title='bbox 2866 4581 3169 4652; x_wconf 60' lang='lat' dir='ltr'><strong><em>usus</em></strong></span> 
     </span>
    </p>
   </div>
   <div class='ocr_carea' id='block_1_5' title="bbox 3188 2687 3191 3662">
    <p class='ocr_par' dir='ltr' id='par_1_6' title="bbox 3188 2687 3191 3662">
     <span class='ocr_line' id='line_1_40' title="bbox 3188 2687 3191 3662; baseline 0 0"><span class='ocrx_word' id='word_1_377' title='bbox 3188 2687 3191 3662; x_wconf 95' lang='lat' dir='ltr'><strong><em> </em></strong></span> 
     </span>
    </p>
   </div>
  </div>
 </body>
</html>
