3267 5567
1102 469 1408 536 Anscmu
1437 487 1626 574 ‘vi-m.
2426 469 2554 533 565

231 639 502 721 lebret-at,
563 645 642 711 ita
710 643 778 709 in
841 643 1210 712 Prometheo
1271 644 1554 728 δεσμώτῃ
1601 645 1961 710 565—370
2029 640 2269 707 montis
2314 640 2549 708 Aetnae

230 748 584 832 eruptionem
641 751 1066 829 memoravit,
1114 767 1280 837 quae
1325 757 1475 816 ante
1511 767 1715 815 annos
1762 753 1801 814 5
1846 744 1958 836 (Μ.
1984 745 2063 812 Ρ.
2110 746 2245 814 LII.
2270 745 2383 835 68)
2434 755 2549 814 aut

227 851 262 914 2
305 850 496 939 (Tune.
546 853 650 921 ΙΙΙ.
708 853 862 942 116)
925 854 1140 921 locum
1182 852 1533 927 habuerat:
1601 852 1845 937 σφόδρα
1886 854 1975 934 τῷ
2019 850 2289 936 τυράννῳ
2334 853 2551 936 Ἱέρωνι

221 1001 276 1020 ..
299 1004 314 1019 .
349 960 600 1037 τιμηθείς
649 958 801 1048 (Vit.
849 957 1099 1046 Aeseh.)
1147 959 1288 1025 eius
1325 958 1713 1026 liberalitate
1755 964 1901 1023 tum
1946 956 2251 1023 Glaucum
2290 964 2358 1025 et
2394 968 2549 1040 Προ-

213 1061 398 1139 μηθέα
431 1063 772 1144 δεσμώτην,
799 1065 887 1129 ‘in
925 1063 1159 1151 quibus
1203 1062 1438 1129 sabulis
1483 1061 1823 1128 machinae
1861 1068 1927 1128 et
1972 1060 2249 1128 artificia
2294 1063 2551 1128 scenica

211 1165 506 1252 permulta
539 1168 824 1234 adhibita
855 1167 1056 1236 fuisse
1093 1166 1489 1236 censendum
1512 1174 1648 1242 est,
1699 1183 1891 1252 agere
1926 1166 2173 1254 potuit,
2216 1174 2363 1236 tum
2400 1185 2555 1234 vero

209 1269 292 1335 ibi
313 1289 592 1358 magnam
614 1281 865 1361 partem
891 1274 1376 1341 innovationum
1399 1271 1831 1359 excogitavit,
1877 1289 2039 1357 quas
2062 1269 2293 1340 deinde
2316 1271 2387 1337 in
2410 1290 2551 1338 rem

207 1375 500 1444 scenicam
556 1379 849 1458 invexit,
915 1397 1044 1466 quo
1082 1376 1366 1458 factum,
1434 1385 1512 1446 ut
1571 1396 1726 1446 cum
1782 1394 1953 1443 anno
1998 1383 2143 1463 post
2198 1374 2549 1444 adventum

207 1489 418 1566 quarto
465 1481 584 1574 (01.
611 1487 720 1550 76.
769 1490 809 1551 4
832 1533 851 1562 ,
899 1483 1050 1572 47})
1100 1483 1378 1550 Athenas
1414 1481 1748 1578 rediisset,
1793 1500 1996 1567 eoque
2030 1500 2185 1548 cum
2212 1480 2556 1567 tetralogia

201 1582 514 1656 Persarum
585 1589 940 1676 multisque
991 1590 1176 1655 novis
1223 1589 1506 1655 inventis
1565 1587 1973 1662 advenisset,
2033 1586 2362 1672 proximos
2426 1585 2551 1652 sibi

201 1708 385 1759 annos
431 1694 691 1764 Athenis
729 1710 938 1778 aeque
985 1691 1294 1776 gloriosos
1339 1690 1733 1768 reddiderit,
1794 1709 1871 1756 ac
1926 1689 2227 1756 laboriosi
2294 1689 2557 1757 fuerant

201 1799 567 1883 superiores.
660 1797 824 1863 Cum
859 1813 1012 1861 vero
1057 1794 1322 1860 Athenis
1357 1794 1660 1861 cessisset
1704 1792 1800 1860 01.
1837 1797 1941 1860 76.
1996 1799 2027 1858 1
2052 1843 2073 1869 ,
2123 1793 2284 1881 472,
2331 1793 2555 1862 eodem

196 1898 356 1967 anno
390 1922 514 1990 quo
569 1901 896 1969 Smonmss
918 1897 1124 1986 ipsius
1147 1898 1442 1965 aemulus
1477 1897 1637 1964 vicit
1679 1899 1905 1980 ἀνδρῶν
1942 1899 2129 1980 χορῷ·
2156 1896 2269 1986 (Μ.
2293 1897 2371 1965 Ρ.
2396 1899 2555 1966 LIV.

193 2011 308 2087 70,
349 2007 577 2097 Epiyr.
603 2025 704 2095 ap.
756 2005 790 2040 ²*
810 2005 842 2038 ¹*
865 2002 1074 2071 Schol.
1101 2001 1399 2090 Hermoy.
1426 2022 1486 2089 p.
1523 2006 1715 2080 480„
1759 2001 1841 2068 cf.
1866 2002 2129 2069 Cum-ou
2176 2003 2359 2091 476),
2403 2004 2559 2071 inde

193 2115 442 2199 fortasse
483 2121 640 2180 nata
675 2119 775 2178 est
812 2109 1028 2198 opinio
1045 2158 1064 2187 ,
1103 2109 1470 2174 Ausonum:
1513 2125 1554 2174 a
1599 2105 1891 2174 Smoume
1928 2106 2177 2174 victum
2220 2116 2559 2196 propterea

191 2216 438 2287 Athenis
477 2219 752 2286 cessisse
801 2213 951 2304 (Vit.
987 2211 1262 2302 Δωσὼ),
1307 2211 1532 2280 eadem
1577 2211 1829 2279 ratione
1850 2261 1869 2292 ,
1916 2231 2046 2298 qua
2082 2211 2195 2280 alii
2232 2231 2379 2282 eum
2432 2215 2555 2281 ira-

193 2328 330 2392 tum
379 2324 578 2393 fuisse
649 2321 942 2389 Soraocu
989 2317 1318 2387 finxerunt
1363 2317 1444 2384 ob
1502 2316 1841 2386 victoriam
1888 2325 2295 2409 praereptam
2346 2319 2554 2410 (Pmr.

195 2425 344 2496 Cim.
387 2430 480 2520 8).

159 2615 166 2622 ,
275 2533 450 2617 Quae
485 2534 705 2601 omnia
742 2532 1068 2605 affirmare
1114 2532 1544 2606 temerarium,
1569 2531 1777 2612 foret,
1826 2551 1909 2598 ne
1951 2529 2109 2619 quid
2155 2533 2419 2619 gravius
2462 2531 2556 2600 di-

189 2657 346 2712 cam.
439 2640 566 2709 Sed
613 2640 846 2710 itares
889 2659 1030 2708 sese
1075 2637 1310 2708 habere
1345 2648 1684 2726 potuerunt
1706 2687 1725 2718 ,
1771 2644 1840 2705 et
1876 2657 2029 2705 cum
2076 2637 2311 2704 ceteris
2354 2655 2559 2723 quan-

191 2750 327 2814 tum
377 2746 566 2814 video
607 2747 852 2833 optime
895 2753 1283 2829 congruunt.
1378 2743 1676 2810 Iudicent
1720 2743 1927 2826 igitur
1970 2740 2331 2827 peritiores

275 2848 672 2940 Olympiadis
719 2855 806 2915 76
841 2868 1010 2915 anuo
1055 2853 1323 2931 quarto,
1369 2846 1603 2911 aetatis
1642 2849 1767 2922 52,
1815 2862 1873 2910 a.
1911 2843 2061 2910 Chr.
2108 2862 2174 2910 n.
2204 2846 2369 2923 472,
2415 2845 2559 2912 Ela-

193 2953 563 3040 phebolione
599 2971 826 3018 mense
841 3001 861 3029 ,
909 2951 1263 3018 Anscnnus
1301 2947 1610 3014 archonte
1654 2948 1909 3014 mucan
1958 2947 2118 3014 vicit
2162 2956 2360 3025 Φινεῖ,
2410 2951 2563 3034 Πέρ-

189 3080 328 3132 σαις
345 3108 366 3134 ,
391 3057 654 3139 Γλωυκῷ
677 3054 901 3137 ποντίῳ
917 3104 936 3133 ,
981 3055 1294 3136 Προμηθεῖ
1311 3060 1598 3138 πυρκαεῒ.
1690 3052 1829 3120 Iam
1852 3060 2191 3142 superarat
2214 3052 2561 3130 invidiam;

189 3179 228 3226 a
273 3161 484 3229 Persis
529 3157 681 3228 inde
723 3159 888 3226 actis
933 3177 1263 3227 summum
1301 3166 1558 3248 poetam
1604 3157 1707 3225 vel
1749 3157 2004 3226 inimici
2048 3177 2401 3246 agnovere,
2446 3164 2562 3249 qui

186 3262 360 3334 haud
404 3266 647 3334 iniuria
691 3264 969 3352 tempori
1023 3262 1376 3332 confideret
1397 3316 1418 3345 ‚
1473 3271 1541 3332 et
1591 3263 1867 3351 gloriam
1920 3263 2045 3331 sibi
2096 3262 2379 3334 debitam
2426 3267 2559 3336 iam

183 3381 545 3464 occuparat.
640 3371 765 3440 Per
807 3375 888 3438 15
934 3368 1084 3438 inde
1117 3389 1320 3438 annos
1359 3370 1701 3438 continuos
1720 3418 1740 3449 ,
1787 3371 1951 3457 quos
2000 3369 2263 3440 Athenis
2304 3369 2557 3460 degisse

183 3476 440 3548 videtur
462 3531 480 3560 ,
537 3477 886 3547 minimum
929 3481 970 3543 8
1017 3475 1323 3544 victorias
1359 3475 1558 3554 tulit,
1614 3474 2085 3542 verisimillime
2128 3475 2347 3563 plures
2368 3483 2417 3542 θ.

246 3747 302 3820 ⁶)
339 3745 492 3800 Tulit
545 3742 760 3799 omnino
798 3741 908 3809 13,
969 3739 1075 3795 Υἱὲ.
1110 3739 1292 3794 Aesck.
1331 3749 1386 3795 et
1421 3742 1564 3796 Suu).
1613 3741 1954 3811 Αἰσχύλος,
2006 3739 2099 3818 qui
2149 3743 2311 3799 etiam
2362 3742 2556 3800 falsum

174 3833 472 3890 tiumerum
509 3835 584 3886 28
617 3829 794 3886 habet.
871 3827 966 3883 Hic
1003 3847 1121 3884 vero
1168 3847 1273 3883 non
1323 3837 1402 3884 est
1437 3847 1693 3886 numerus
1728 3829 2097 3900 victoriarum,
2154 3839 2219 3886 ut
2253 3840 2409 3906 putat
2444 3837 2560 3888 Sur·

177 3935 284 3981 ma
304 3963 323 3993 ‚
371 3921 461 3978 sed
499 3939 606 3976 uno
641 3919 814 3975 minor
850 3937 1015 3994 quam
1062 3936 1322 3973 annorum
1360 3937 1616 3973 numerus
1662 3937 1693 3973 ‚a
1735 3918 1903 3992 prima
1939 3918 2156 3974 victoria
2191 3917 2257 3974 ad
2293 3915 2557 3993 montemg

177 4008 398 4068 fortasse
433 4011 535 4066 sibi
565 4012 770 4086 poetam
807 4025 1010 4083 semper
1043 4005 1294 4062 victorem
1331 4007 1490 4062 finxit
1523 4007 1625 4062 nisi
1654 4027 1777 4064 cum
1808 4027 1840 4063 a
1858 4011 2127 4063 sornocu
2162 4020 2436 4084 superatus
2472 4010 2559 4070 sit.

176 4102 452 4160 Alscnru
481 4109 664 4156 autem
700 4096 873 4174 prima
921 4095 1136 4152 victoria
1175 4105 1254 4150 est
1300 4094 1384 4151 ol.
1421 4100 1506 4152 73.
1549 4101 1613 4166 4,
1668 4095 1849 4170 Elaph.
1887 4100 2013 4152 481.
2088 4101 2202 4152 Iam
2240 4117 2359 4154 vero
2394 4089 2572 4156 etiam=

169 4189 214 4245 si
245 4199 550 4246 statuamus
568 4228 586 4257 ,
617 4185 700 4242 vel
717 4186 829 4260 ipso
859 4203 994 4240 anno
1028 4183 1209 4261 proelii
1232 4185 1504 4241 Salaminii
1542 4195 1806 4241 certamen
1843 4186 2107 4262 tragicum
2144 4185 2305 4242 fuisse
2323 4227 2342 4256 ‚
2381 4197 2436 4242 et
2455 4191 2558 4244 Aa·

175 4293 424 4336 sonuum
473 4277 556 4330 his
601 4275 835 4350 quinque
869 4273 1107 4348 deinceps
1141 4274 1292 4330 annis
1345 4283 1546 4350 semper
1585 4283 1867 4348 reportasse
1902 4273 2173 4331 victoriam
2194 4316 2213 4345 ‚
2268 4295 2403 4353 quae
2440 4277 2555 4334 vide

171 4385 346 4444 quam
383 4365 491 4419 sint
523 4363 669 4419 omni
704 4361 1152 4418 verisimilitudini
1188 4364 1448 4420 contraria
1467 4404 1484 4432 ‚
1541 4364 1622 4419 vel
1654 4363 1727 4419 sic
1774 4373 1955 4419 tamen
1992 4365 2342 4420 remanebunt
2393 4366 2552 4422 victo-

168 4456 286 4512 riae
316 4458 387 4523 8,
426 4471 554 4529 quas
589 4453 824 4528 cogimur
859 4472 952 4528 per
983 4452 1106 4510 illos
1142 4458 1213 4508 15
1256 4473 1416 4510 annos
1447 4453 1791 4523 distribuere,
1832 4474 1959 4530 quos
2000 4454 2128 4510 solos
2168 4454 2288 4510 dein
2334 4456 2559 4511 Athenis

167 4545 326 4620 degit
365 4550 690 4598 Aesonios-
