3267 5567
968 493 1314 547 mcmnn
1357 496 1478 545 nur
1517 495 1804 548 aarum.
2428 481 2556 554 3131

121 655 426 725 hoewel
464 653 963 723 schoorvoetend
977 705 996 733 ,
1052 655 1295 722 verleid
1342 651 1440 723 dit
1497 654 1798 743 gevoelen
1846 650 2102 721 althans
2149 652 2555 742 gedeeltelijk

121 770 210 830 te
262 760 637 829 omhelzen.
729 760 1068 829 Wanneer
1108 760 1186 825 ik*
1214 779 1337 826 van
1370 759 1522 828 deze
1564 760 1855 849 plaatsen
1891 778 2048 831 eene
2073 758 2310 827 andere
2354 760 2557 849 expli·

127 868 346 935 catio
403 865 584 953 geef,
632 864 738 933 die
783 864 1037 931 althans
1077 864 1379 952 moyehssc
1425 866 1518 944 is,
1583 863 1879 932 verbeeld
1913 866 1981 930 ik
2004 869 2140 951 ,mij
2166 911 2189 944 ‚
2248 864 2360 931 dat
2403 877 2557 931 men

123 972 269 1040 het
316 969 874 1057 waarschijulijke
917 970 1054 1036 niet
1090 969 1189 1036 zal
1226 965 1629 1048 ontkennen,
1676 969 1833 1036 daar
1871 969 1982 1036 bet
2018 970 2168 1037 tocb
2202 969 2556 1057 inderdaad

127 1075 440 1145 vreemd
473 1094 595 1141 zou
635 1080 804 1161 zijn,
848 1075 960 1142 dat
995 1074 1074 1141 de
1099 1079 1427 1159 wetgever
1448 1073 1591 1140 bier
1627 1074 1865 1140 zonder
1889 1073 2085 1141 reden
2121 1074 2242 1141 alle
2266 1074 2557 1160 analogia

129 1202 283 1250 zou
332 1180 591 1247 hebben
625 1179 962 1247 verlaten.-
1028 1180 1102 1245 In
1148 1177 1325 1244 ieder
1365 1178 1548 1265 geval
1596 1179 1655 1245 is
1696 1178 1777 1245 de
1818 1177 2405 1266 noodzalcelijklteid
2432 1199 2561 1245 van

130 1287 273 1355 het
320 1277 689 1352 aannemen
731 1303 856 1350 van
895 1283 1008 1351 het
1061 1281 1359 1350 vreemde
1410 1282 1728 1370 gevoelen
1770 1302 1896 1349 van
1946 1284 2185 1350 Buxsex
2227 1283 2558 1351 hiermede

128 1389 522 1459 vervallen.
615 1389 689 1455 Ik
727 1407 878 1474 mag
922 1408 1047 1456 van
1102 1388 1181 1455 de
1240 1387 1442 1455 lezers
1493 1408 1619 1455 van
1675 1406 1795 1455 een
1841 1387 2197 1474 tijdschrift
2238 1390 2375 1456 niet
2411 1409 2561 1457 ver-

136 1516 290 1585 gen
317 1546 341 1576 ,
395 1494 508 1561 dat
553 1498 633 1580 zij
688 1492 831 1560 zich
872 1492 950 1560 de
997 1494 1236 1561 moeite
1280 1491 1490 1560 zullen
1538 1494 1904 1579 getroosten
1960 1492 2100 1561 vele
2149 1494 2439 1581 plaatsen
2479 1513 2565 1560 na

137 1609 222 1670 te
264 1600 494 1678 slaan,
531 1615 612 1665 en
657 1596 852 1684 begin
892 1596 1017 1663 dus
1053 1605 1189 1665 met
1226 1596 1312 1664 de
1344 1596 1551 1684 plaats
1577 1617 1704 1665 van
1742 1598 1983 1665 Bunsux
2029 1598 2114 1687 (p.
2145 1598 2257 1688 27)
2298 1600 2365 1665 in
2401 1599 2563 1667 baar

141 1705 404 1795 geheel
437 1703 623 1770 mede
646 1710 714 1769 te
751 1700 1013 1768 dealem
1060 1702 1402 1768 Fratribus
1439 1702 1847 1788 fratrumque
1867 1702 2090 1768 liberis
2113 1721 2243 1768 non
2279 1703 2526 1770 relictis
2541 1701 2561 1782 ,’
2665 1769 2670 1773 .

145 1807 544 1879 secundum
589 1806 833 1873 claram
865 1804 1042 1870 illius
1084 1804 1247 1891 legis
1279 1805 1451 1892 apud
1490 1807 1718 1871 Isumu
1762 1806 2253 1892 explicationem
2267 1812 2344 1885 ⁵⁷,
2391 1826 2565 1873 soro·

145 1931 274 1987 res
328 1927 759 1997 sororumque
798 1908 984 1976 liberi
1028 1915 1365 1976 vocantur.
1456 1909 1609 1976 Illae
1645 1911 1849 1996 igitur
1886 1911 2059 1977 inter
2102 1930 2172 1977 se
2209 1911 2354 1999 pari
2390 1910 2568 1978 baud

156 2013 382 2088 dubie
432 2017 577 2083 iure
631 1997 985 2082 fruentur(
1050 2013 1296 2084 Deinde
1334 2035 1516 2083 soror
1553 2035 1705 2082 cum
1762 2014 1894 2081 filio
1936 2014 2020 2081 ab
2060 2015 2264 2082 altera
2308 2023 2568 2083 mortua
2602 2048 2618 2057 κ

151 2124 416 2194 relicto
461 2120 797 2190 dimidiam
853 2118 1248 2187 hereditatis·
1279 2129 1531 2209 partem
1579 2121 1854 2207 accipiet
1875 2170 1894 2200 ‚
1957 2140 2169 2207 neque
2207 2120 2568 2189 adhibenda

154 2219 280 2300 hie*
331 2227 444 2294 lex
490 2227 557 2292 in
602 2232 966 2293 ceterorum
1011 2233 1432 2312 cognatorum
1480 2225 1839 2292 hereditate
1884 2245 2140 2316 semper
2183 2226 2567 2313 spectanda,

155 2354 306 2424 qua
373 2330 651 2398 masculi
704 2330 964 2399 feminis
1010 2330 1301 2397 eiusdem
1369 2329 1594 2418 stirpis
1648 2328 2097 2419 praeferantur
2110 2337 2191 2397 ‘⁸‘
2284 2330 2354 2398 Si
2410 2352 2564 2418 vero

158 2440 406 2530 plures
445 2436 576 2508 iam
606 2455 694 2503 ex
729 2436 935 2503 altera
973 2455 1191 2503 sorore
1228 2442 1485 2503 exstent
1507 2485 1527 2516 ‚
1574 2435 1874 2522 aequales
1914 2455 2139 2503 omnes
2180 2436 2307 2503 sibi
2349 2445 2566 2524 partes

44 2574 50 2578 ·
158 2541 546 2635 postulasse
570 2544 668 2608 'ea
705 2539 989 2608 maxime
1030 2539 1110 2607 de
1146 2560 1342 2607 causa
1386 2540 1783 2608 credendum
1827 2547 1959 2616 est,
2005 2541 2177 2627 quod
2226 2562 2376 2609 cum
2427 2544 2566 2631 ipsa

166 2643 410 2718 matre'
455 2641 646 2714 liberi
696 2647 940 2713 sororis
981 2646 1050 2712 in
1111 2646 1324 2734 capita
1388 2643 1715 2713 divisisse
1746 2646 2172 2713 hereditatem
2241 2646 2564 2714 videntur.

164 2755 482 2823 Primum
529 2749 704 2818 enim
750 2771 903 2818 cum
950 2751 1021 2816 in
1066 2750 1207 2835 lege
1253 2750 1332 2817 de
1377 2749 1688 2817 fratribus
1726 2751 1843 2815 'aut
1885 2769 2108 2816 eorum
2156 2750 2393 2816 liberis
2421 2772 2568 2839 aga-

169 2868 290 2927 tur
313 2909 335 2938 ,
386 2859 604 2923 Isaras
632 2873 931 2942 expresse
970 2873 1221 2921 sorores
1260 2871 1515 2941 semper
1548 2862 1608 2919 et
1652 2872 1875 2919 eorum
1893 2883 1897 2892 ·
1915 2852 2156 2919 liberos
2191 2862 2446 2923 vocatos
2491 2878 2567 2925 ea

170 2983 320 3033 esse
360 2962 545 3032 dicit.
638 2958 883 3026 Deinde
904 2957 1066 3024 haec
1088 2958 1409 3025 sent-entia
1441 2958 1562 3037 iis,
1604 2957 1769 3044 quae
1803 2958 1870 3023 in
1899 2956 2279 3027 difficillima
2301 2959 2463 3028 Isim
2489 2962 2568 3031 de

170 3063 547 3139 hereditate
574 3057 976 3130 chuoessms
1022 3062 1308 3132 oratione
1331 3065 1696 3134 narrantur
1715 3112 1734 3140 ,
1781 3063 2040 3148 egregie
2070 3064 2390 3133 firmatur.
2460 3068 2566 3134 Dr-

174 3188 526 3240 mocanns
544 3216 563 3246 ‚
609 3161 929 3238 Mamm
967 3165 1305 3236 cuiusdam
1355 3167 1562 3247 filius,
1594 3186 1805 3255 neque
1847 3160 2073 3238 liberis
2109 3171 2321 3256 neque
2352 3170 2568 3239 fratri-

169 3277 302 3344 bus
351 3292 659 3341 eorumve
703 3271 924 3339 liberis
970 3272 1215 3340 relictis
1252 3271 1633 3341 decesserat.
1728 3272 2086 3340 Exstabant
2119 3292 2291 3341 vero.
2318 3295 2569 3347 sorores

175 3388 245 3450 et
293 3379 416 3445 filii
474 3376 770 3465 filiaeque
832 3398 912 3445 ex
971 3378 1054 3444 iis
1110 3384 1318 3446 natae.
1433 3378 1593 3452 Eius
1652 3379 1858 3466 igitur
1910 3398 2121 3466 quam.
2173 3380 2568 3452 Pomanus

175 3484 452 3574 quidam
479 3481 776 3554 'duxerat
809 3484 1047 3550 sororis
1086 3483 1259 3552 filius
1278 3491 1357 3564 ⁵⁹,
1404 3481 1529 3551 sihi
1566 3490 1631 3550 et
1679 3483 1883 3551 altera
1921 3483 2055 3552 filia
2089 3487 2563 3556 natoCarmso-

178 3611 336 3659 noro
391 3588 663 3656 eandem
701 3586 1081 3654 hereditatis
1127 3596 1378 3675 partem
1430 3587 1659 3654 deberi.
1696 3588 1857 3653 dicit
1882 3594 1962 3652 ⁶⁰.
2051 3589 2209 3658 Inde
2269 3594 2567 3678 sequitur

181 3696 352 3763 filios
377 3744 398 3770 ,
462 3701 672 3759 matre
717 3691 948 3769 etiam,
1020 3690 1310 3758 defuncti
1354 3710 1604 3769 sorore,
1673 3692 1859 3768 viva,
1933 3693 2363 3761 successionis
2422 3698 2567 3768 iura

184 3798 512 3868 babuisse.
605 3794 852 3862 Deinde
897 3800 1120 3862 narrat
1150 3794 1291 3874 ille,
1339 3794 1605 3863 eandem
1623 3844 1644 3874 ,
1693 3815 1858 3883 quae
1880 3815 1921 3862 a
1943 3796 2147 3884 ipsius
2169 3800 2410 3879 matri,
2457 3801 2566 3870 be·
2628 3831 2649 3844 ο

184 3902 487 3973 reditatis
531 3907 783 3990 partem
828 3901 888 3968 ei
928 3900 1126 3969 etiam
1174 3898 1486 3980 feminae,
1534 3920 1699 3989 quae
1729 3921 1768 3967 a
1805 3902 2187 3969 Dmmocnmz
2218 3922 2371 3970 cum
2416 3904 2564 3974 dote

188 4011 598 4078 Paouncnmi
642 4001 903 4074 cuidam
950 4007 1042 4072 sit
1075 4005 1387 4094 desponsa
1409 4057 1429 4085 ,
1476 4007 1610 4075 sive
1649 4007 1855 4073 sorori
1885 4024 2040 4074 suae
2087 3993 2304 4075 deberi
2327 4016 2402 4077 ⁶¹.

276 4113 473 4181 Vides
510 4113 718 4199 igitur
752 4118 819 4179 et
858 4111 1056 4178 matri
1093 4111 1235 4178 eius
1257 4161 1276 4191 ‚
1322 4112 1724 4188 mmocnms
1761 4110 2051 4181 defuncti
2083 4116 2289 4182 sorori
2330 4124 2396 4183 et
2437 4118 2560 4206 ipsi

192 4227 259 4288 et
296 4219 500 4287 sorori
531 4216 912 4286 hereditatis
934 4223 1186 4303 partem
1228 4215 1451 4285 tribui.
1546 4217 1723 4300 Quae
1763 4217 1820 4284 si
1853 4237 2004 4286 vera
2044 4217 2198 4287 sunt
2219 4269 2239 4299 ,
2286 4219 2563 4291 fratrum

198 4325 453 4412 quidem
493 4322 761 4400 liberos,
807 4320 1044 4408 quibus
1078 4324 1284 4409 patris
1313 4325 1568 4390 tantum
1611 4322 1872 4389 nomine
1902 4323 2149 4412 aliquid
2187 4324 2564 4410 deberetur,

200 4431 267 4496 iu
313 4431 546 4517 stirpes
578 4426 1004 4496 hereditatem
1043 4426 1338 4497 divisisse
1360 4480 1381 4507 ‚
1432 4427 1691 4498 feminis
1718 4428 2044 4497 masculae
2088 4429 2278 4520 stirpi
2315 4443 2567 4524 postpo-

206 4533 374 4612 sitis,
426 4553 720 4602 sororum
758 4552 908 4602 vero
953 4531 1188 4602 liberos
1225 4554 1344 4602 suo
1383 4534 1641 4604 nomine
1668 4535 1753 4602 ad
1783 4536 2263 4606 successionem
2281 4539 2348 4606 in
2372 4559 2570 4607 avun-
