3267 5567
703 487 832 552 568
1466 537 1474 548 .
1627 482 1935 548 Assorini
1998 499 2159 549 vm.

980 663 1160 740 ἡμεῖς
1205 659 1258 727 δ’
1295 655 1451 740 ’ἅμα
1487 655 1668 740 τῶδ’,
1712 654 1955 739 ὥσπερ
2004 654 2073 744 (Ι.
2116 651 2333 744 ᾧπέρ)
2381 679 2454 721 σε
2496 651 2679 728 πόλις

976 764 1084 832 καὶ
1129 765 1202 831 τὸ
1247 764 1479 832 δίκαιον
1523 769 1915 838 συνεπαινεῒ,

698 870 792 938 ita
831 877 906 936 ut
939 888 1019 936 ex
1063 869 1368 936 Asscmt
1423 867 1750 936 sententia
1790 874 2019 934 contra
2056 865 2244 934 πόλιν
2283 864 2547 953 quidem
2584 871 2650 931 et
2688 863 2919 932 δίκαιον
2962 865 3063 933 Ρο-

699 995 952 1043 umens
999 972 1267 1063 sepeliat
1325 973 1632 1042 Ammona
1658 1021 1678 1051 ,
1739 989 1859 1039 noo
1916 978 2137 1044 tamen
2192 979 2378 1060 egeat
2434 966 2809 1039 defensione
2874 969 3065 1062 (1070

710 1079 921 1169 sqq->2

1159 1186 1266 1253 καὶ
1311 1185 1440 1268 γὰρ
1483 1189 1680 1267 γενεᾷ
1728 1183 1919 1248 κοινὸν
1960 1181 2092 1248 τόδ’
2136 1181 2303 1265 ἄχος

1163 1290 1269 1357 καὶ
1317 1288 1500 1364 πόλις
1547 1286 1764 1364 ἄλλως

1159 1393 1388 1460 ἄλλοτ’
1433 1395 1683 1459 ἐπαινεῖ
1718 1393 1809 1460 σοὶ
1852 1391 2066 1460 δίκαια
2081 1442 2101 1472 ,

716 1517 914 1586 neque
949 1497 1093 1565 eius
1115 1515 1340 1564 necem
1382 1483 1831 1584 exspectemus
1870 1495 1951 1564 ab
1988 1497 2157 1563 irato
2194 1495 2475 1563 Gnowrs
2491 1545 2511 1575 ,
2558 1502 2635 1563 ut
2668 1493 2862 1564 etiam
2900 1496 3074 1581 κη’ρυξ

715 1601 1210 1697 11015—1026)
1261 1601 1508 1669 nnllam
1561 1599 1723 1668 facit
1767 1601 2166 1669 mentionem
2230 1619 2473 1688 poenae
2498 1651 2515 1678 ,
2568 1619 2727 1687 quae
2776 1601 3075 1687 sepelien-

727 1727 810 1778 es
847 1715 1107 1776 maneat
1123 1757 1144 1788 ,
1189 1725 1320 1794 qua
1357 1708 1426 1773 in
1471 1725 1544 1773 re
1581 1703 1778 1774 cardo
1808 1706 1977 1772 situs
2000 1712 2098 1774 est
2134 1704 2475 1794 Antiqones
2512 1703 2906 1794 Sophocleae.
2990 1705 3078 1773 Et

737 1816 794 1882 ic
858 1814 1068 1901 igitur
1127 1811 1234 1880 hio
1307 1830 1564 1899 quoque
1621 1812 1977 1878 Anscnvms
2042 1829 2124 1878 ex
2186 1810 2519 1899 praeclara
2580 1830 2703 1879 sua
2768 1811 3079 1880 sententia

712 1917 933 2010 (Eum.
975 1917 1167 2006 529):

1066 2025 1258 2092 παντὶ
1305 2023 1477 2107 μέσῳ
1497 2021 1594 2096 ,τὸ
1638 2021 1861 2105 κράτος
1906 2022 2035 2096 θεὸς
2082 2023 2329 2090 ὤπασεν
2353 2073 2373 2102 ,

703 2151 914 2219 neque
944 2130 1204 2218 sepeliri
1241 2126 1583 2216 Ponrmcru
1620 2125 1956 2215 probavit,
2016 2147 2225 2215 neque
2270 2143 2555 2195 sororem
2600 2128 2821 2194 necari
2852 2125 2931 2194 ob'
2964 2126 3081 2195 fra·

702 2244 876 2304 trem
913 2235 1267 2322 sepultum.
1322 2231 1330 2238 ’
1359 2232 1486 2301 Sed
1517 2241 1584 2300 et
1614 2232 1773 2300 haec
1788 2283 1808 2311 ,
1862 2239 1939 2299 ut
1976 2231 2173 2299 huius
2204 2232 2463 2319 generis
2496 2229 2799 2319 pleraque
2820 2282 2841 2311 ‚
2884 2233 3081 2301 incer·

704 2342 960 2409 tissima
996 2345 1154 2406 sunt
1176 2388 1197 2417 ‚
1243 2357 1410 2424 quae
1431 2337 1606 2405 facili
1640 2337 1896 2423 negotio
1926 2345 1993 2405 et
2028 2357 2147 2426 pro
2186 2338 2502 2426 cuiusque
2536 2337 2799 2423 ingenio
2834 2357 3081 2426 compo-

702 2448 831 2514 sita
853 2495 872 2524 ,
939 2445 1012 2508 in
1053 2443 1380 2529 praesenti
1423 2442 1963 2510 documentorum
2012 2443 2285 2530 penuria
2332 2461 2461 2509 non
2504 2440 2842 2510 offendunt
2861 2493 2883 2522 ‚
2926 2463 3085 2510 novo

705 2567 860 2618 vero
905 2547 1296 2615 documento
1339 2547 1579 2614 alicubi
1633 2554 1891 2634 reperto
1946 2549 2172 2615 statim
2228 2566 2534 2615 corruere
2586 2546 2813 2614 solent.
2905 2546 3083 2631 Quod

707 2656 830 2724 hoc
871 2655 1010 2743 ipso
1055 2653 1196 2721 loco
1231 2671 1383 2720 oum
1423 2650 1766 2730 acciderit,
1814 2653 2137 2720 cautiores
2170 2673 2289 2720 nos
2322 2651 2591 2720 reddere
2624 2659 2895 2740 oportet.

797 2761 896 2830 Ex
935 2759 1133 2826 huius
1157 2759 1362 2846 igitur
1385 2756 1785 2825 Didascalico
1819 2757 2209 2824 auctoritate
2229 2808 2250 2837 ‚
2298 2756 2392 2825 01.
2432 2762 2537 2825 78.
2570 2763 2601 2822 1
2626 2806 2644 2836 ,
2668 2757 2893 2845 Elaph.
2920 2763 3051 2827 46⁷
3072 2812 3093 2841 ‚

700 2867 1020 2958 ,archonte
1078 2865 1466 2932 Tuncrum:
1488 2914 1506 2943 ‚
1570 2864 1928 2931 Assorinos
1992 2863 2153 2930 vicit
2212 2861 2389 2946 Λαίῳ
2414 2913 2435 2939 ,
2508 2861 2787 2929 Οἰδίποδι
2812 2915 2831 2940 ,
2904 2869 3093 2932 ‘Em'

709 2975 814 3042 ἐπὶ
865 2974 1094 3053 Θήβας
1112 3021 1131 3047 ,
1197 2968 1457 3055 Σφιγγὶ
1503 2979 1804 3056 σατυρικῇ
1823 3021 1842 3046 ,
1906 2988 2025 3037 nec
2070 2965 2480 3036 diffitendum
2526 2974 2626 3035 est
2640 3018 2661 3046 ,
2706 2967 2882 3036 hunc
2920 2969 3096 3036 ordi-

711 3099 860 3148 nem
900 3077 1196 3163 trilogiae
1229 3074 1610 3142 enarrantis
1651 3075 1791 3155 avi,
1837 3075 2043 3162 patris
2082 3073 2495 3159 filiorumque
2542 3071 2674 3140 fata
2720 3076 3103 3163 ceteroquin

715 3183 1128 3272 aptissimum
1179 3197 1342 3248 esse.
1692 3203 1697 3210 ·
2780 3201 2785 3209 ·

799 3288 926 3354 Per
977 3305 1205 3354 novem
1253 3285 1494 3351 iterum
1541 3303 1745 3350 annos
1804 3286 2009 3353 altum
2056 3293 2155 3354 est
2200 3285 2281 3354 de
2340 3285 2655 3352 Asscmno
2716 3281 3063 3354 silentium
3086 3338 3107 3368 ,

710 3410 830 3481 per
873 3389 1046 3476 quod
1103 3397 1362 3474 tempus
1383 3435 1403 3464 ,
1473 3395 1549 3453 ut
1593 3407 1793 3474 supra
1858 3389 2038 3465 dixi,
2104 3390 2321 3476 plures
2344 3409 2351 3416 ·
2374 3391 2681 3458 victorias
2736 3398 3115 3479 reportasse

709 3491 1073 3566 censendus
1109 3498 1230 3559 est.
1322 3491 1376 3558 E
1403 3491 1641 3578 quibus
1680 3493 1909 3561 ultima
1932 3501 2190 3562 tantum
2224 3503 2659 3575 memoratur,
2705 3502 2773 3563 et
2794 3516 2915 3563 nos
2948 3518 3117 3586 quo-

714 3622 841 3693 que
863 3598 1332 3688 aliquantisper
1353 3597 1734 3666 morabitur.
1783 3598 1911 3666 Res
1932 3607 2151 3668 autem
2176 3601 2367 3688 paulo
2388 3602 2585 3670 altius
2608 3602 2965 3690 repetenda
2988 3613 3122 3674 est.

803 3707 1041 3774 Notum
1080 3712 1180 3772 est
1222 3705 1288 3771 in
1345 3704 1582 3792 vulgus
1629 3703 1738 3794 (cf.
1787 3703 1961 3773 Dron.
2012 3705 2136 3774 Sic,
2177 3705 2287 3773 XI.
2336 3712 2445 3773 77.
2519 3707 2702 3774 Pmr.
2766 3707 2936 3774 Cimz·
2978 3715 3063 3776 115
3090 3759 3117 3789 ‚

712 3809 946 3879 Periel.
975 3816 1014 3876 7
1033 3860 1052 3888 ,
1077 3814 1153 3888 9,
1197 3809 1304 3898 10)
1358 3811 1680 3900 Areopaqi
1701 3812 2155 3880 auctoritatem
2182 3810 2263 3878 ab
2285 3811 2593 3878 Erunt-rc
2612 3861 2631 3890 ,
2677 3810 2780 3880 vel
2802 3813 3085 3884 ancui
3108 3866 3129 3895 ,

710 3924 890 3984 certe
933 3915 1262 3981 Emmaus
1304 3915 1682 3999 ψηφίσματι
1708 3967 1729 3993 ,
1796 3915 1982 3984 valde
2040 3916 2459 3984 imminutam
2506 3936 2668 3984 esse.
2761 3917 3125 3988 Peritiori-

709 4021 836 4089 hus
879 4021 1089 4107 ipsam
1133 4019 1566 4088 mutationem
1609 4040 1893 4109 quanam
1942 4023 2007 4088 in
2058 4041 2131 4090 re
2166 4021 2582 4091 constituerit
2646 4023 3137 4111 explicandam

708 4125 920 4194 libens
963 4123 1260 4211 relinquo
1284 4176 1302 4205 ,
1363 4125 1527 4192 mihi
1580 4127 1709 4194 tria
1758 4127 2159 4197 satislhcient
2180 4179 2201 4208 ,
2248 4147 2480 4217 nempe
2536 4126 2729 4196 haec:
2776 4149 2918 4195 eam
2964 4153 3139 4200 mu-

713 4232 1006 4300 tationem
1057 4229 1182 4296 n'on
1233 4230 1368 4297 sine
1411 4232 1476 4297 vi
1519 4232 1737 4320 aliqua
1778 4253 1912 4300 esse
1954 4238 2193 4322 factam
2214 4284 2233 4313 ,
2278 4234 2457 4301 Dion.
2504 4232 2547 4301 l.
2574 4233 2659 4300 l.:
2728 4233 3139 4318 Ἐφιάλτης

763 4386 959 4402 .....
1003 4334 1433 4418 παροξύνας
1479 4338 1584 4404 τὸν
1625 4339 1816 4418 δῆμον
1856 4340 2029 4406 κατὰ
2066 4347 2187 4407 τῶν
2218 4344 2685 4423 ’Λρεοπαγιτῶν
2724 4341 2855 4407 xri.
2908 4341 3147 4412 Purr.

720 4439 868 4505 Per.
910 4445 984 4504 9:
1031 4443 1062 4505 ὃ
1105 4434 1408 4523 Περικλῆς
1589 4489 1604 4505 .
1642 4445 2170 4512 naves-mian
2241 4449 2355 4524 τὴν
2406 4447 2685 4526 βουλήν,
2762 4444 2928 4512 Oim.
2994 4455 3101 4516 15
3136 4476 3157 4516 ε

715 4546 766 4610 οἱ
808 4542 1065 4619 πολλοὶ,
1116 4545 1598 4628 συγχέαντες
1644 4547 1750 4613 τὸν
1788 4549 2111 4622 καθεςῶτα
2154 4559 2265 4632 τῆς
2306 4552 2631 4630 πολιτείας
2670 4549 2909 4633 κόσμον
2940 4599 2963 4622 .
3006 4605 3025 4620 .
3066 4605 3087 4624 .
3124 4605 3151 4628 ,
