3267 5567
696 509 825 572 574
1599 503 1911 573 Αιεαιιηι
1970 523 2131 572 vm.

691 697 842 748 vam
863 727 884 757 .
931 675 1153 748 dicens
1174 727 1196 757 ,
1221 684 1362 746 tum
1393 696 1602 766 neque
1623 698 1730 750 me
1752 680 1969 767 ipsum
1992 681 2385 749 miraturum
2404 727 2423 758 ,
2457 678 2513 760 si
2541 676 2799 766 quando
2826 697 3063 753 novum

693 783 940 873 aliquid
975 782 1292 870 hodieque
1311 782 1522 854 latens
1561 785 2025 856 documentum
2046 785 2277 856 bonam
2302 789 2555 872 partem
2576 802 2805 852 eorum
2826 796 3066 855 evertet

693 910 861 978 quae
889 908 1090 979 supra
1111 890 1406 970 narravi,
1452 897 1598 962 tum
1638 911 1791 963 vero
1807 942 1829 971 ,
1870 909 2095 960 eorum
2140 909 2339 982 quam
2378 889 2661 978 plurima
2708 890 2842 957 VV.
2866 891 3066 960 DDum

691 995 1086 1064 coniecturis
1107 995 1264 1074 niti,
1310 994 1547 1083 quibus
1587 1004 1807 1068 tamen
1821 1047 1842 1076 ,
1876 995 2045 1084 quod
2092 997 2172 1064 de
2194 996 2552 1066 anxsno
2574 996 2918 1086 praecipue
2962 1019 3067 1068 va·

691 1099 784 1170 let
804 1149 826 1180 ,
871 1099 1034 1172 fides
1067 1099 1242 1170 baud
1299 1119 1450 1170 raro
1493 1098 1731 1172 melius
1776 1108 2032 1172 constat
2068 1119 2267 1190 quam
2316 1099 2581 1172 disertis
2617 1102 2677 1170 si
2712 1121 2879 1189 quae
2916 1111 3067 1172 sunt

689 1214 990 1276 veterum
1056 1206 1468 1276 testimoniis.
1586 1207 1748 1278 Tam
1815 1207 1942 1274 levi
2010 1208 2217 1294 igitur
2280 1204 2699 1278 fundamento
2768 1208 3069 1278 insistens

691 1315 836 1382 eius
887 1311 1290 1382 debilitatem
1335 1310 1751 1386 dissimulare
1800 1311 1983 1392 nolo,
2042 1311 2159 1386 tali
2200 1310 2429 1386 fraude
2490 1311 2582 1378 nil
2642 1312 3069 1400 perniciosius

691 1417 872 1485 bisce
934 1417 1199 1484 Litteris
1243 1436 1430 1504 posse
1482 1417 1779 1501 accidere
1822 1415 2199 1489 arbitratus.
2283 1417 2399 1485 Sin
2466 1423 2685 1490 sutem
2725 1415 3069 1504 aliquando

693 1521 952 1589 firmata
1017 1520 1190 1587 erint
1244 1539 1322 1587 ea
1367 1519 1823 1602 fundamenta,
1890 1519 2013 1592 boc
2072 1531 2173 1592 est
2217 1522 2390 1611 quod
2434 1523 2629 1594 inniti
2683 1529 2936 1609 potest,
3004 1532 3072 1592 et

665 1621 918 1716 plura,
947 1625 1210 1714 opinor,
1241 1625 1685 1713 superioribus
1706 1628 1815 1698 vix
1838 1627 2203 1716 superstrui
2227 1634 2499 1714 possunt
2520 1628 2663 1698 sine
2678 1629 3071 1710 temeritate,

693 1732 804 1802 cui
845 1731 1006 1800 vitio
1037 1749 1120 1798 ne
1153 1728 1373 1822 plura,
1405 1731 1669 1818 opinor,
1708 1741 1775 1802 et
1810 1734 1953 1822 ipse
1993 1733 2375 1820 impegerim
2420 1733 2705 1802 multum
2744 1753 2997 1806 vereor.

781 1836 888 1904 Nil
951 1837 1084 1904 iam
1125 1841 1464 1926 superest,
1528 1838 1657 1908 nisi
1695 1847 1773 1908 ut
1818 1839 2189 1918 ostendam,
2248 1853 2371 1908 cur
2417 1844 2673 1908 tantum
2726 1838 3073 1910 tribuerim

693 1941 1127 2010 locutionibus
1163 1941 1376 2030 primo
1422 1940 1657 2012 obtutu
1698 1943 1875 2016 haud
1916 1946 2013 2016 ita
2056 1943 2391 2031 gravibus,
2436 1943 2695 2028 Ἱέρωνος
2732 1943 2912 2012 τότε
2960 1949 3069 2024 τὴν

695 2047 928 2126 Αἴτνην
965 2047 1313 2132 κτίζοντος,
1362 2046 1737 2130 ἐπιζήσας
1782 2051 2037 2134 τρίτον
2076 2050 2241 2125 ἔτος
2266 2097 2286 2128 ,
2332 2067 2453 2119 cur
2496 2049 2785 2136 ineptam
2824 2049 2909 2118 de
2940 2051 3069 2118 Eu-

691 2153 1048 2222 menidibus
1091 2151 1377 2222 fabulam
1431 2172 1562 2222 non
1601 2175 1869 2243 prorsus
1911 2155 2271 2226 reiecerim.
2366 2153 2657 2236 Quorum
2704 2153 2871 2222 illud
2896 2154 3071 2238 'feci‚

695 2260 1004 2347 quoniam
1043 2260 1114 2326 in
1143 2265 1330 2330 tanta
1389 2261 1788 2332 obscuritate
1826 2268 1895 2330 et
1932 2260 2205 2350 penuria
2250 2259 2772 2331 testimoniorum
2836 2259 3072 2350 duplex

693 2383 902 2451 genus
925 2363 1236 2431 vitiorum
1260 2385 1376 2434 uos
1416 2367 1795 2436 ludificatur
1816 2416 1837 2448 ,
1860 2386 2091 2454 nempe
2126 2385 2205 2438 ea
2241 2385 2407 2452 quae
2444 2364 2525 2434 ab
2548 2363 3072 2452 imprudentibus

688 2466 1046 2546 veteribus,
1089 2487 1386 2558 quaeque
1423 2491 1462 2539 a
1499 2471 1859 2542 scientibus
1903 2471 2083 2542 illata
2126 2478 2323 2548 suntz
2368 2489 2647 2559 quorum
2694 2469 2801 2538 hic
2840 2471 3073 2542 saltem

687 2590 990 2644 errorum
1041 2569 1184 2639 fons
1241 2575 1312 2644 in
1365 2575 1687 2644 eiusmodi
1754 2595 1911 2646 sane
1974 2576 2410 2648 locutionibus
2466 2575 2656 2663 longe
2708 2577 2917 2644 minor
2964 2585 3077 2645 est

689 2696 890 2767 qnam
927 2679 996 2746 in
1043 2676 1306 2748 disertis
1339 2681 1749 2752 testimoniis.
1842 2681 2107 2754 Nullum
2144 2701 2297 2752 vero
2340 2688 2673 2750 auctorem
2714 2701 2928 2769 neque
2964 2683 3075 2755 vel

691 2783 1164 2871 ineptissimam
1210 2787 1651 2862 narrationem
1699 2805 1965 2874 prorsus
2008 2787 2429 2862 reiiciendam
2490 2807 2631 2859 esse
2683 2786 2884 2866 duxi,
2942 2808 3074 2856 me·

691 2889 845 2959 cuin
891 2897 1202 2978 reputans
1247 2911 1378 2959 non
1425 2911 1569 2962 esse
1606 2913 1645 2962 e
1690 2891 2157 2966 consuetudine
2194 2892 2532 2966 hominum
2555 2942 2576 2973 ,
2621 2899 2697 2966 ut
2747 2909 2853 2960 res
2893 2893 3076 2980 ipsas

687 3011 956 3084 prorsus
987 2995 1278 3084 fingant;
1322 3017 1485 3085 quas
1515 3018 1671 3070 vero
1692 2999 2064 3070 invenerint
2085 3047 2105 3077 ‚
2151 3018 2261 3072 eas
2284 2997 2661 3086 explicando
2674 3049 2695 3078 ‚
2736 2997 3077 3066 illustran-

690 3100 774 3170 do
791 3151 811 3178 ‚
877 3100 1170 3169 addendo
1205 3102 1322 3176 ,im
1326 3103 1647 3193 pudenter
1706 3103 2059 3193 depravare
2104 3103 2311 3175 solent
2375 3110 2443 3174 ot
2501 3103 2887 3189 detorquere
2904 3151 2926 3182 ,
2996 3110 3081 3172 ut

688 3204 847 3294 quid
883 3225 1112 3274 verum
1157 3206 1276 3286 sit,
1315 3208 1473 3295 quid
1509 3208 1747 3278 falsum
1765 3261 1784 3292 ,
1830 3210 2093 3277 omnino
2129 3207 2420 3296 dignosci
2454 3214 2775 3296 nequeat;
2820 3206 3079 3300 aliquid

689 3319 912 3379 tamen
948 3312 1087 3378 veri
1125 3310 1347 3378 subest
1379 3312 1514 3381 fere
1549 3335 1823 3403 semper.

604 3497 610 3502 .
769 3414 953 3498 Quod
977 3416 1033 3480 si
1055 3416 1252 3481 etiam
1276 3414 1430 3482 huic
1449 3420 1787 3506 scriptioni
1810 3419 1962 3486 boni
1984 3420 2461 3507 aliquantulum
2484 3417 2749 3486 subesse
2774 3437 3077 3506 pronun-

682 3518 942 3600 tIabunt
961 3517 1158 3608 aequi
1192 3514 1474 3600 iudices,
1498 3521 1675 3592 haud
1712 3525 1976 3600 irritum
2001 3545 2162 3616 opus
2186 3546 2290 3598 me
2328 3524 2555 3592 fecisse
2595 3523 2975 3592 arbitrabor
2996 3532 3079 3592 ¹¹.

775 3713 1014 3804 Scripsi
1049 3712 1256 3806 Luqd.
1293 3707 1441 3786 But.
2506 3715 2583 3782 Ε.
2632 3714 2694 3783 J.
2746 3715 2984 3784 Krnm.

727 3841 818 3889 m.
839 3819 1142 3892 Ianuario
1185 3825 1472 3892 a.1851.

983 4018 1136 4036 ο*

753 4116 1130 4188 ²=)·Asscun.1
1161 4113 1487 4190 nuperrima
1513 4115 1630 4172 edd.
1662 4134 1795 4172 cura
1832 4119 1960 4174 Gor.
1986 4076 2280 4176 naamani
2312 4125 2367 4175 et
2398 4118 2547 4173 Gon„
2584 4089 2889 4174 Dmunnru
2910 4157 2927 4188 ,
2947 4138 3113 4194 quo-

678 4222 804 4259 rum
833 4202 1056 4258 alteram
1086 4205 1286 4260 summi
1331 4202 1432 4259 viri
1469 4203 1784 4264 liberalitati
1816 4214 1999 4280 gratus
2034 4203 2226 4280 debeo,
2272 4225 2383 4270 sero
2424 4204 2599 4281 accepi
2634 4223 2799 4281 quam
2845 4217 2919 4266 ut
2952 4208 3113 4268 huie

679 4291 946 4438 scriptitat}
969 4301 1298 4457 w1
1305 4301 1468 4440 aaa,
1503 4293 1847 4351 mandaretur
1880 4293 2233 4356 emendandae
2262 4296 2508 4360 inservire
2536 4303 2756 4372 possent.

1708 4472 2019 4510 ‘'g-*-
