3267 5567
721 509 849 572 564
1620 506 1929 570 Aescnm
1990 517 2149 570 vrrs.

721 688 860 750 crat
885 682 1013 748 nisi
1045 673 1352 746 Gatanam'
1365 679 1670 766 oppidum
1696 730 1714 760 ,
1754 681 1981 747 eiectis
2024 681 2319 767 pristinis
2352 679 2745 758 sessoribuS,
2790 683 3085 770 novisque

721 787 963 854 colonis
1009 784 1306 852 deductis
1351 785 1749 871 amplificare
1790 787 2059 873 eiusque
2114 804 2347 852 nomen
2386 791 2641 851 mutare
2665 835 2684 863 ,
2730 786 2903 872 quod
2941 808 3085 856 sane

726 894 898 960 intra
935 891 1128 958 breve
1173 891 1483 978 temporis
1530 892 1811 978 spatium
1860 891 1943 958 ad
1992 891 2185 957 finem
2234 889 2501 978 perduci
2547 896 2778 976 potest.

811 997 1006 1063 Venit
1052 995 1256 1082 igitur
1294 995 1647 1062 Anscnvws
1698 996 2053 1084 Syracusas
2090 995 2169 1062 ad
2210 995 2527 1062 Hmnom
2556 992 2652 1061 01.
2682 998 2789 1061 76.
2822 1002 2850 1061 1
2880 1021 2915 1072 ,·
2938 1000 3083 1087 473,

725 1121 876 1170 cum
913 1103 970 1168 is
1003 1106 1356 1187 occupatus
1388 1107 1558 1168 esset
1597 1102 1665 1167 in
1703 1101 1901 1168 Aetna
1946 1100 2316 1182 condenda:
2378 1099 2595 1186 ibique
2634 1099 2770 1185 egit
2810 1099 3079 1169 fabulam

720 1209 1026 1282 Αἰτναίαις
1052 1257 1071 1285 ,
1131 1225 1436 1293 prospera
1471 1225 1765 1293 quaeque
1812 1206 1994 1273 novis
2038 1204 2289 1271 civibus
2328 1211 2711 1291 auguratus,
2780 1205 3083 1276 Dirime're

721 1315 868 1383 nolo
889 1357 909 1391 ,
959 1319 1182 1378 utrum
1215 1309 1430 1376 sabula
1451 1312 1733 1378 Aiwoe‘i'ot
1773 1310 1921 1378 νόθοι
1972 1311 2161 1400 (quae
2184 1309 2277 1376 sic
2308 1317 2407 1376 cst
2438 1311 2507 1376 in
2546 1308 2939 1378 Fabularum
2978 1313 3081 1378 Ca-

723 1420 934 1503 talogo
959 1467 977 1494 ,
1023 1423 1099 1482 ut
1121 1422 1189 1481 et
1209 1418 1489 1483 Αἶα-ναῖοι
1513 1415 1779 1505 γνήσιοι)
1828 1434 2051 1483 revera
2078 1416 2479 1501 tragoediam
2516 1414 2759 1481 indicet
2796 1415 2952 1482 falso
2974 1418 3083 1483 Aa·

721 1543 948 1590 scano
973 1519 1369 1606 adscriptam
1405 1539 1522 1606 pro
1557 1521 1860 1606 genuinis
1897 1520 2261 1597 Αἰτναίαις,
2306 1518 2479 1605 quod
2520 1539 2742 1587 omnes
2776 1530 3083 1608 quantum

718 1629 854 1694 scio
883 1624 1020 1692 VV.
1065 1624 1195 1690 m).
1243 1625 1430 1691 taciti
1469 1626 1777 1692 statuisse
1798 1624 2139 1703 videntur,
2185 1644 2269 1691 an
2292 1627 2381 1692 sit
2418 1623 2585 1691 forte
2606 1624 2831 1692 titulus
2860 1625 3089 1695 leviter

720 1737 1067 1818 corruptus
1113 1731 1432 1816 genuinae
1489 1729 1744 1799 fabulae
1808 1732 1949 1821 (pro
1997 1728 2319 1819 Αἰτναῒαι)
2380 1749 2546 1817 quae
2594 1749 2743 1795 cum
2799 1731 3085 1809 γνησίαις

719 1836 1008 1905 eiusdem
1058 1833 1432 1922 tetralogiae
1491 1837 1643 1924 pars
1698 1836 1941 1916 fuerit,
2010 1842 2076 1902 et
2120 1836 2415 1923 pristinis
2461 1834 2625 1902 sorte
2670 1835 2892 1901 incolis
2935 1857 3089 1904 cum

719 1944 902 2010 novis
939 1940 1392 2028 comparandis
1438 1941 1825 2009 inservierit.
1850 1981 1944 1991 —
1966 1942 2049 2008 At
2084 1942 2179 2008 sic
2219 1942 2573 2008 Anscnvms
2618 1939 2850 2006 Persas
2886 1942 3085 2008 ἀναδι-

721 2049 970 2116 δάσκειν
1025 2046 1359 2134 Syracusis
1405 2065 1530 2112 non
1587 2048 1819 2134 potuit.
1912 2045 2133 2134 Neque
2176 2065 2283 2113 res
2328 2045 2691 2114 necessario
2729 2045 2823 2112 ita
2862 2066 2929 2112 se
2977 2045 3086 2113 ha-

722 2155 884 2221 huit.
981 2153 1108 2220 Fac
1178 2151 1616 2218 Grammatico
1660 2151 1755 2217 nil
1799 2151 2161 2218 innotuisse
2206 2152 2334 2218 nisi
2382 2150 2665 2218 fabulam
2694 2158 2762 2218 et
2801 2151 3089 2231 Athenis,

719 2268 787 2326 et
834 2259 1168 2346 Syracusis
1189 2263 1398 2323 actam
1427 2275 1591 2332 esse;
1640 2257 1697 2323 is
1736 2257 1875 2323 sine
1914 2255 2109 2322 dubio
2154 2255 2551 2343 tragoediam
2574 2305 2593 2336 ,
2642 2277 2771 2344 qua
2794 2257 2875 2324 de
2916 2277 3088 2345 proe-

721 2364 810 2430 lio
834 2362 1184 2430 Salaminio
1207 2369 1540 2445 ageretur,
1580 2363 1767 2449 prius
1789 2361 2051 2428 Athenis
2072 2369 2287 2428 actam
2311 2362 2528 2428 animo
2550 2361 2676 2428 sibi
2700 2361 2909 2431 finxit.
2952 2362 3086 2429 Sci-

719 2487 870 2533 mus
917 2471 1136 2532 autem
1171 2484 1292 2550 per
1341 2465 1751 2532 anxentm
1800 2467 1929 2556 (pp.
1966 2472 2099 2536 470
2144 2466 2310 2556 sqq.)
2330 2517 2349 2546 ,
2416 2468 2683 2534 tertiam
2723 2467 3092 2554 tetralogiae

718 2569 999 2638 fabulam
1047 2567 1246 2636 fuisse
1299 2567 1604 2636 Glaucam
1648 2589 1777 2636 non
1822 2572 2177 2650 Horvts'oe,
2246 2571 2360 2638 sed
2404 2572 2754 2650 πόντιον,
2822 2574 3093 2658 eiusque

714 2681 1172 2764 argumentum
1211 2694 1497 2774 pugnam
1557 2674 1640 2742 ad
1686 2673 2017 2742 Himeram
2070 2675 2347 2756 flumen,
2408 2697 2537 2765 quo
2576 2677 2744 2745 Gneo
2790 2678 3088 2745 Hinnoms

714 2783 918 2849 frater
963 2788 1126 2848 natu
1169 2781 1378 2848 maior
1399 2779 1973 2867 Karthaginienses
2014 2781 2286 2861 devicit,
2334 2784 2510 2850 circa
2554 2783 2845 2871 tempora
2866 2783 3096 2871 proclii

715 2887 1094 2966 Salaminii,
1141 2887 1468 2954 eodemaeut
1505 2885 1716 2953 fertur
1754 2884 1879 2953 die.
1974 2886 2112 2953 Iam
2150 2907 2303 2955 vero
2335 2890 2689 2956 Ansclmms
2722 2887 3097 2975 ubicunque

717 2993 946 3062 Graeci
971 2991 1287 3079 degebant
1310 2987 1627 3080 proelium'
1656 2989 1737 3056 ad
1762 2991 2148 3060 Salaminem
2170 2993 2493 3061 celebrare
2515 2994 2764 3083 potuit,
2811 3012 3103 3081 pugnam

713 3119 868 3168 vero
892 3099 1298 3165 Himeraeam
1323 3097 1511 3183 longe
1535 3096 1982 3183 ignobiliorem
2022 3098 2249 3166 nullibi
2285 3101 2501 3189 aptius
2542 3118 2739 3186 quam
2763 3099 2832 3165 in
2872 3099 3102 3166 Sicilia
3233 3111 3235 3116 ’

713 3203 885 3292 apud
936 3203 1286 3281 Ηικιιοηω,
1339 3221 1532 3290 quem
1581 3199 1741 3268 tu'nc
1770 3201 2101 3280 ἀξιωθῆναι
2140 3212 2205 3272 et
2250 3205 2599 3273 σπουδάσαι
2641 3203 3097 3290 intelligimus
3233 3199 3235 3206 ’

713 3309 883 3390 Quin
932 3308 1133 3373 immo
1177 3305 1458 3372 Athenae
1496 3304 1649 3373 huic
1688 3316 2073 3392 argumento
2110 3311 2487 3398 aptissimus
2524 3309 2706 3377 locus
2742 3329 2871 3376 non
2912 3316 3061 3376 erat
3084 3362 3103 3390 ,
3234 3303 3236 3316 '

711 3418 977 3500 propter
999 3410 1365 3476 dissensum
1389 3411 1782 3478 Graecorum
1808 3419 1873 3478 et
1912 3412 2174 3481 GnLoms
2196 3414 2277 3482 de
2299 3415 2541 3483 auxilio
2556 3467 2577 3496 ,
2614 3414 2787 3502 quod
2810 3435 2849 3480 a
2872 3422 3105 3503 tyran·

718 3537 802 3582 no
847 3515 1202 3604 petierant,
1259 3513 1342 3582 cf.
1395 3515 1624 3582 Hauon.
1673 3515 1812 3582 VII.
1866 3522 2241 3587 157—168.
2338 3521 2565 3590 Cetera
2600 3521 2815 3590 locum
2856 3519 3111 3588 habere

707 3619 1041 3712 potuerunt
1087 3621 1283 3688 sicuti
1329 3620 1627 3688 dicturus
1674 3639 1862 3689 sum:
1911 3623 2263 3692 Aeserninos
2309 3625 2403 3694 ol.
2449 3631 2555 3694 76.
2612 3633 2642 3692 1
2672 3678 2691 3706 ,
2740 3633 2871 3720 47ξ,
2916 3625 3109 3694 sabu-

713 3727 842 3796 lam
910 3729 1214 3802 Αἰτναίαις
1271 3748 1420 3795 cum
1487 3727 1768 3813 egisset,
1830 3747 1946 3814 per
2001 3730 2359 3798 triennium
2421 3733 2489 3798 in
2546 3731 2765 3798 Sicilia
2826 3733 3111 3800 mansit.

711 3833 874 3900 Cum
936 3834 1131 3900 Hmno
1177 3852 1374 3920 prope
1433 3834 1685 3919 regiam
1750 3833 2036 3922 (Wnncx.
2098 3857 2161 3923 p.
2211 3840 2363 3904 476.
2428 3857 2494 3902 n.
2538 3836 2693 3926 767)
2754 3837 2855 3904 vel
2906 3839 2983 3904 in
3038 3858 3121 3905 ea

713 3939 1042 4006 theatrum
1103 3937 1411 4015 haberet,
1458 3939 1813 4024 Assorinos
1834 3989 1853 4024 2
1899 3941 2011 4026 qui
2059 3940 2319 4008 Athenis
2364 3941 2602 4028 degens
2658 3941 2939 4029 singulis
2996 3964 3121 4011 an·

711 4044 816 4110 nis
841 4051 1026 4110 terna
1053 4044 1188 4111 fere
1211 4044 1505 4110 dramata
1543 4042 1829 4110 scribere
1868 4045 2136 4125 soleret,
2176 4053 2241 4113 et
2264 4053 2423 4113 tunc
2464 4055 2535 4114 ut
2560 4048 2737 4114 circa
2773 4067 2995 4116 annos
3028 4057 3125 4120 50

625 4185 636 4192 -
713 4156 910 4215 natus
953 4151 1236 4216 maxime
1285 4150 1576 4236 vigeret,
1640 4167 1809 4216 anno
1855 4150 2221 4238 insequenti
2274 4152 2540 4220 hortatu
2601 4153 2899 4222 Hrnnoms
2968 4159 3131 4243 egit

712 4255 900 4321 Φινέα
923 4305 944 4334 ,
985 4255 1230 4337 Πέρσας
1255 4306 1275 4330 ,
1325 4259 1609 4320 Γλαῦκον
1672 4254 1917 4322 πόντιον
1942 4307 1961 4332 ,
2020 4257 2345 4339 Προμηθέα
2398 4267 2680 4341 πυρκαῆ,
2726 4257 2900 4345 quod
2956 4260 3131 4328 dra·

709 4379 820 4425 ma
876 4362 1236 4450 satyricum
1300 4361 1423 4448 ipsi
1480 4379 1712 4427 ansam
1758 4360 1937 4428 dedit
1980 4361 2455 4450 componendae
2500 4362 2879 4450 tetralogiae
2943 4375 3135 4451 Προ-

706 4465 938 4544 μηθεὺς
985 4465 1288 4548 πυρφόρος
1308 4513 1327 4539 ,
1377 4466 1730 4546 Προμηθεὺς
1772 4467 2090 4545 δεσμώτης
2116 4517 2135 4543 ,
2186 4470 2539 4551 Προμηθεὺς
2574 4469 2890 4549 λυόμενσς-
2942 4491 3139 4539 cum

707 4571 999 4639 dramate
1045 4570 1369 4660 satyrico;
1415 4576 1490 4636 ut
1537 4571 1604 4637 in
1660 4571 1893 4639 Glauco
1938 4572 2162 4656 ποντίῳ
2212 4593 2496 4662 pugnam
2538 4575 2959 4642 Himeraeam
3019 4599 3141 4644 ee-
