3267 5567
721 475 870 566 386
1303 495 1614 561 Burman
1658 491 2057 560 commum
2098 487 2531 558 lammina

721 662 918 752 cett„
988 669 1096 776 [cf.
1146 683 1343 758 supra
1401 687 1472 756 p.
1508 668 1695 758 5541.
1760 705 1853 718 --—
1920 665 2137 732 Omnis
2204 666 2372 734 enim
2424 667 2713 756 impmus
2776 670 2925 756 iync
2990 675 3087 742 de-

722 779 822 847 bet
848 779 1137 867 parque-i.
1230 769 1402 844 Sunt
1443 774 1622 841 enim
1668 774 1895 842 literae
1926 769 2113 856 ἄρτος
2166 771 2477 860 reliquiae
2515 779 2845 842 extremae
2884 779 3087 859 vocis,

719 883 872 952 olim
919 885 1252 971 ifltbgrae,
1298 875 1669 964 ἆκάδκρτος.

829 1099 1087 1168 XXVII.
1179 1099 1428 1165 Raisxn’
1433 1120 1464 1166 s
1514 1098 1648 1190 (Er.
1684 1095 1843 1184 217)
1890 1114 2227 1162 mwooan
2270 1115 2347 1162 01>
2378 1114 2499 1161 mer
2545 1115 2817 1166 vunzonx
2862 1099 2999 1166 νη(

1229 1202 1545 1283 Bnnmim,
1591 1210 1717 1268 πη
1749 1221 1879 1267 ΖΗΝ
1915 1219 2183 1269 rourum
2225 1209 2301 1267 'm
2336 1209 2587 1267 zamri«.

804 1396 1054 1464 Literas
1093 1401 1242 1462 tuas
1285 1392 1380 1460 cl.
1441 1391 1737 1460 Trillerio
1785 1391 1978 1472 misi,
2026 1389 2139 1459 sed
2182 1405 2564 1478 responsum
2610 1394 2902 1462 nondum
2946 1395 3077 1465 tuli.

707 1499 848 1568 Non
893 1505 1118 1588 putem
1153 1517 1303 1564 eum
1329 1498 1487 1576 tibi,
1534 1495 1707 1585 quod
1745 1516 1970 1583 rogaS,
2014 1503 2409 1582 negaturum
2454 1515 2615 1566 esse.
2712 1498 2895 1580 Quod
2931 1521 3077 1570 eun-

679 1604 858 1698 ⁵dem
882 1654 901 1683 ,
949 1623 1146 1692 quem
1189 1596 1328 1682 illi,
1373 1602 1685 1668 honorem
1719 1595 1881 1668 mihi
1921 1621 2176 1690 quoque
2219 1594 2452 1681 habes,
2498 1599 2707 1669 tribuo
2751 1605 3083 1676 amicitiae

705 1718 881 1778 tuae.
975 1706 1150 1776 Alias
1197 1707 1566 1786 crederem,
1612 1701 1742 1772 ni'si
1778 1712 1842 1772 te
1876 1725 2164 1786 nossem,
2212 1698 2483 1774 illudere
2522 1707 2679 1774 mihi
2718 1707 2917 1789 velle,
2960 1715 3084 1800 qui

703 1835 918 1884 meam
957 1813 1305 1898 imaginem
1347 1833 1383 1879 a
1423 1832 1528 1880 me
1553 1808 1898 1898 flagitaret.
1995 1809 2295 1878 Insanire
2329 1831 2433 1880 me
2470 1811 2807 1882 crederent
2829 1826 3076 1884 nostra-

681 1929 836 1999 ·teS,
884 1920 942 1986 si
988 1914 1422 2004 intelligerent
1470 1937 1576 1985 me
1621 1912 2127 2004 pingidformam
2174 1935 2387 1982 meam
2428 1931 2691 1986 curare.
2782 1919 3076 1989 Nondum

699 2027 760 2093 is
806 2037 952 2092 sum
978 2075 997 2101 ‚
1045 2020 1153 2092 cui
1199 2019 1392 2090 liceat
1415 2071 1433 2100 ,
1500 2029 1695 2108 atque
1732 2027 2087 2107 congruat,
2150 2017 2270 2087 hoc
2310 2041 2695 2109 magnorum
2742 2021 3069 2096 hominum

699 2130 1039 2220 privilegio
1082 2129 1201 2196 uti.
1299 2124 1539 2194 Saltem
1589 2147 1719 2192 non
1762 2125 1985 2191 videor
2032 2125 2449 2194 nostratibus,
2542 2127 2627 2196 Et
2674 2129 3071 2200 erubesceret

699 2234 986 2326 profecto
1019 2231 1236 2318 imago
1281 2251 1467 2311 mea,
1515 2231 1572 2298 si
1609 2249 1737 2320 qua
1778 2234 1950 2296 esset
1994 2234 2060 2296 et
2101 2227 2386 2298 animata
2426 2238 2632 2311 esset,
2680 2235 2856 2303 inter
2899 2257 3071 2304 sum-

699 2359 840 2407 mos
879 2339 1095 2414 viroS,
1145 2335 1546 2422 Scaligeros,
1609 2333 1998 2413 Salmasios,
2035 2333 2331 2415 Grotius,
2378 2336 2537 2404 alios
2584 2357 2723 2405 sese
2770 2343 3065 2411 sentiens,

694 2444 799 2512 Nil
837 2439 1061 2530 perdet
1105 2439 1278 2504 orbis
1317 2439 1616 2506 literatus
1664 2440 1720 2504 si
1760 2459 1906 2506 mea
1944 2439 2228 2526 imagine
2270 2449 2488 2510 careat
2510 2493 2531 2522 ,
2578 2444 2634 2510 si
2682 2443 2913 2514 saltem
2959 2470 3068 2536 pro

691 2545 944 2615 viribus
989 2561 1202 2610 meam
1256 2542 1418 2611 bene
1480 2537 1772 2612 merendi
1817 2543 1897 2610 de
1942 2542 2152 2612 literis
2197 2545 2599 2616 voluntatem
2654 2549 2845 2617 editis
2887 2551 3069 2623 libris

693 2653 1237 2722 demonstravero.
1331 2649 1545 2716 Erunt
1589 2647 1659 2716 hi
1722 2647 1884 2715 mihi
1932 2669 2048 2736 pro
2109 2650 2413 2738 imagine.
2456 2727 2461 2732 ,
2528 2653 2669 2722 Non
2722 2655 2943 2726 dubito
3000 2669 3071 2734 te

692 2758 970 2830 formam
1007 2766 1219 2824 meam
1259 2743 1472 2826 adhuc
1507 2756 1725 2826 animo
1760 2761 2003 2824 tenere.

1012 2955 1301 3042 xxv'nl.
1393 2973 1793 3040 nummus
1843 2971 1975 3062 (Ep.
2020 2961 2177 3062 227)
2225 2991 2381 3040 om
2428 2975 2721 3046 Annaea.

775 3161 1114 3233 Abreschii
1150 3156 1657 3228 Dilucidationes
1704 3157 1858 3227 vidi.
1955 3161 2024 3229 Si
2064 3157 2221 3250 quid
2256 3158 2516 3244 iudico,
2562 3165 2753 3234 homo
2802 3171 2927 3242 iste
2961 3197 3065 3244 no-

683 3273 783 3340 vis
829 3275 896 3337 et
957 3268 1193 3354 ineptis
1240 3265 1518 3354 argutiis
1560 3265 1954 3332 Graecarum
1978 3263 2344 3334 ‘literarum
2395 3269 2686 3349 studium
2736 3295 2864 3346 non
2932 3286 3063 3352 tam

682 3366 981 3451 adiuvat,
1027 3373 1224 3459 quain
1259 3357 1629 3456 'corrumpit
1670 3373 1738 3436 et
1786 3365 2168 3458 impeditum
2214 3360 2449 3442 reddit.

699 3551 706 3560 ἱ
780 3583 1006 3660 XXIX.
1103 3533 1504 3656 VALcicnnAna
1553 3582 1694 3676 (ΕΡ.
1747 3576 1905 3676 236)
1954 3610 2110 3658 ovnn
2157 3589 2474 3658 Pmnson’s
2534 3593 2948 3672 Vnmsmun.

761 3794 1051 3865 Piersoni
1092 3793 1297 3860 nostri
1352 3793 1751 3860 Veris1milia
1797 3795 1906 3861 vix
1947 3791 2171 3861 dubito
2212 3797 2371 3884 quin
2411 3795 2639 3867 idoneo
2690 3804 2892 3872 iudici
2938 3808 3067 3877 tibi

670 3905 804 3972 sint
861 3901 1162 3990 inprimis
1222 3899 1560 3987 placitura.
1656 3898 1773 3964 Est
1825 3899 1930 3967 ille
1986 3920 2184 3988 supra
2237 3909 2517 3970 aetatem
2573 3912 3021 3990 κριτικῶτοιτος
3052 3967 3073 3996 ,

668 4008 951 4097 plurima
993 4006 1184 4074 babet
1232 4003 1309 4071 de
1355 4003 1622 4090 quibuS,
1660 4024 1802 4072 meo
1840 4005 2114 4084 iudicio,
2162 4024 2243 4071 ne
2282 4025 2320 4070 a
2359 4006 2741 4078 Criticorum
2780 4015 3077 4104 quidem

666 4112 1257 4188 novaturientium,
1305 4129 1466 4196 quos
1491 4116 1759 4186 vocant,
1807 4111 2098 4178 osoribus
2126 4111 2326 4197 possit
2352 4108 2481 4180 ullo
2514 4125 2701 4202 pacto
2724 4117 3075 4204 dubitari,

665 4215 1007 4303 qualiaque
1047 4236 1174 4282 nen
1222 4221 1480 4301 possent
1520 4213 1598 4278 ab
1644 4214 1788 4280 istis
1820 4217 2200 4302 exspectari.
2296 4217 2645 4306 Postquam
2682 4225 2959 4294 Leidam
3004 4230 3077 4296 is

660 4319 862 4398 abiit,
911 4339 992 4386 ne
1038 4337 1240 4383 unum
1284 4315 1544 4403 quidem
1592 4317 1795 4384 habeo
1842 4319 2014 4386 inter
2060 4318 2424 4402 auditores,
2472 4326 2585 4422 qui
2648 4327 2765 4396 has
2827 4331 3075 4402 literas

656 4432 836 4502 recta
878 4423 984 4490 via
1023 4428 1284 4491 tractet.-
1373 4420 1715 4508 Plerique,
1752 4421 1861 4508 qui
1904 4419 2181 4491 alicuius
2216 4436 2431 4496 essent
2468 4432 2601 4509 rei,
2650 4435 2733 4502 ad
2783 4436 3073 4507 Theolo-

568 4619 576 4624 .
654 4531 797 4618 giae
825 4529 1307 4619 labyrinthum,
1355 4547 1482 4620 quo
1523 4547 1592 4595 se
1625 4526 2021 4616 impediunt,
2056 4529 2546 4603 abstrahuntur.
