3267 5567
27 720 35 763 l

773 507 884 575 111.
968 505 1326 576 Oonnmnnn
1365 526 1522 575 oven
1567 505 2037 578 Trmcnuoorsu.
2476 513 2609 578 ⁵49

239 680 448 748 detur.
520 681 775 748 Utinam
817 678 959 748 Tibi
1005 701 1156 750 eum
1201 680 1532 748 vindicare
1576 701 1828 769 posseS,
1878 703 2007 770 quo
2044 703 2232 750 nemo
2272 683 2611 755 rarissimo

234 795 496 855 auctore
532 787 792 872 dignior
828 787 1146 875 interpres
1183 787 1456 872 reperiri
1495 794 1727 873 potest.
1820 788 2111 856 Gunzius
2157 787 2349 856 Saxio
2384 796 2607 857 nostro

237 884 585 978 negotium*
613 890 792 956 dedit
837 890 1034 959 huius
1078 890 1402 971 κειμηλίου
1446 891 1735 969 emendi,
1782 894 1892 963 cui
1938 901 2014 962 ut
2062 913 2449 981 quacunque
2505 887 2605 960 ra-

237 996 412 1065 tione
457 995 697 1083 eripias
743 1013 991 1081 precor.

299 1173 528 1244 XXVI.
624 1175 856 1240 Rmsxn
903 1173 1037 1265 (Er.
1086 1173 1242 1264 206)
1292 1195 1446 1262 ovsn
1487 1173 1905 1254 Scnwanrzn,
1952 1197 2070 1244 nnn
2110 1196 2400 1244 mrenvun
2438 1198 2555 1245 un

327 1299 334 1304 ·
477 1273 979 1361 'susorumsruffi
1016 1302 1179 1348 nvnn
1221 1301 1372 1346 unns
1419 1301 1641 1347 rim-s
1682 1302 1779 1348 urr
1812 1301 1887 1347 nr.
1926 1281 2036 1348 ΕΡ.
2071 1302 2148 1349 An
2189 1276 2377 1349 nanu.

1008 1407 1090 1452 ,nn
1130 1406 1283 1452 ovna
1322 1384 1518 1452 Mane.
1559 1385 1670 1452 IX.
1724 1389 1832 1454 49.

322 1563 544 1660 Habes·
569 1584 821 1653 quoque
849 1563 1232 1633 Schwartzii
1259 1563 1776 1654 Theophrastum
1819 1566 2130 1634 beneficio
2164 1566 2259 1636 Cl.
2285 1565 2574 1634 Ernestii
2597 1616 2615 1644 ‚

228 1693 268 1742 a
317 1691 450 1760 quo
496 1671 999 1756 impetravi,=ut
1045 1672 1182 1757 ipse
1232 1672 1646 1758 impetravit,
1695 1692 1731 1738 a
1779 1692 1883 1738 me
1929 1680 2195 1759 rogatus
2222 1724 2242 1751 ,
2296 1692 2335 1738 a
2378 1670 2620 1758 collega

227 1797 349 1842 suo
390 1773 736 1852 Fischer0‚
783 1775 993 1860 primo
1033 1777 1206 1839 inter
1253 1773 1362 1839 illa
1400 1776 1698 1853 nomina,
1741 1794 1905 1860 quae
1956 1760 2075 1840 sub
2120 1776 2313 1842 finem
2374 1775 2621 1862 praefa-

229 1879 438 1946 tionis
501 1877 828 1962 leguntur.
945 1875 1138 1941 Aliud
1210 1876 1537 1962 exemplar
1606 1879 1676 1943 in
1748 1877 1907 1944 urbe
1971 1885 2193 1944 nostra
2271 1899 2398 1945 non
2460 1887 2620 1965 erat.

231 1981 504 2049 Scilicet
574 1981 840 2046 iuvenes
898 1978 988 2043 ihi
1050 1980 1351 2046 recensiti
1411 1981 1543 2046 suis
1589 1981 1917 2050 sumtibus
1983 1982 2269 2052 libellum
2335 1984 2623 2069 imprimi

229 2093 593 2163 curarunt,
641 2093 706 2150 et
752 2083 1322 2151 exercitationibus
1373 2085 1644 2171 privatis
1688 2106 1723 2152 e
1786 2086 2103 2154 Cathedra
2165 2087 2286 2153 sub
2340 2089 2625 2154 auctoris

229 2183 562 2280 praesidio
601 2191 1052 2256 vertitarunt.'
1099 2185 1275 2256 'Hinc
1323 2186 1568 2256 factum
1603 2197 1679 2258 ut
1718 2189 1940 2260 haberi
1983 2193 2050 2258 in
2087 2191 2473 2280 bibliopoliis
2515 2213 2623 2260 ne-

229 2301 478 2384 queat;
548 2291 725 2360 nullo
768 2292 982 2360 hercle
1031 2312 1178 2360 cum
1232 2291 1466 2360 damno
1518 2293 1762 2361 literati
1810 2296 2002 2363 orbis.
2098 2296 2459 2364 Poenitebit
2513 2317 2625 2364 vos

231 2385 594 2468 editionem
639 2385 1069 2472 desiderasse,
1114 2416 1279 2483 quae
1325 2397 1486 2463 nihil
1534 2406 1648 2466 aut
1696 2419 1851 2468 sane
1899 2422 2131 2490 parum
2177 2400 2355 2468 vohis
2398 2401 2621 2488 prode-

229 2505 369 2583 rit,
432 2503 560 2572 nisi
616 2502 694 2568 ad
773 2501 1301 2590 satisfaciendum
1363 2504 1728 2572 curiositati
1801 2513 2087 2585 vestrae,
2151 2515 2214 2573 et
2270 2513 2345 2572 ut
2397 2505 2623 2574 doceat

230 2629 355 2676 vos
404 2615 731 2696 stuporem
800 2614 863 2673 et
907 2607 1225 2676 insaniam
1275 2608 1655 2678 criticorum
1716 2611 2124 2698 quorundam
2174 2610 2387 2677 ridere
2430 2617 2625 2698 atque

229 2723 524 2801 stupere.
618 2713 755 2800 Ego
802 2720 977 2779 certe
1033 2732 1161 2779 non
1210 2715 1522 2794 memini,
1586 2715 1698 2801 qui
1758 2721 1872 2782 aut
1937 2713 2452 2801 Theophrastum
2515 2722 2629 2781 aut

232 2819 448 2886 alium
516 2816 797 2902 aliquem
843 2825 1173 2882 auctorem
1239 2818 1469 2882 maiori
1527 2816 1747 2885 furore
1791 2819 2216 2895 laceraverit,
2278 2838 2474 2904 quam
2522 2819 2629 2885 liic

233 2921 710 2988 Schwartzius.
785 2918 1156 2983 Testabitur
1201 2918 1308 2983 hic
1352 2918 1608 2984 libellus
1652 2939 1758 2986 me
1812 2940 2041 2986 verum
2098 2919 2378 2998 dixisse,
2425 2941 2629 3007 quum

234 3024 387 3090 dixi
449 3021 924 3087 Schwartzium
993 3020 1178 3086 illum
1236 3039 1422 3100 esse,
1489 3041 1682 3108 quem
1750 3022 2098 3090 Dorvillius
2167 3025 2234 3090 in
2289 3024 2631 3094 Charitone

232 3131 556 3214 ignorans
601 3125 727 3191 viri
776 3144 1045 3202 nomen,
1095 3123 1174 3190 oh
1220 3125 1454 3193 misere
1500 3111 1745 3194 tortum
1782 3135 1847 3195 et
1898 3136 2197 3198 vexatum
2231 3131 2631 3218 epigramma

234 3233 565 3300 Graecum
593 3230 779 3297 salsis
805 3229 1073 3317 flagellis
1091 3227 1118 3308 ,'
1159 3230 1268 3297 sed
1309 3223 1516 3318 neque
1541 3232 1639 3298 vel
1681 3233 1773 3300 sic
1806 3234 1965 3301 satis
1988 3255 2105 3322 pro
2145 3236 2397 3302 meritis
2420 3287 2438 3315 ,
2464 3240 2627 3305 ceci-

231 3338 366 3405 dit.
416 3335 946 3423 Quandoquidem
972 3336 1196 3402 charta
1225 3339 1511 3425 suppetit
1551 3345 1745 3426 atque
1769 3341 2009 3420 otium,
2050 3360 2239 3429 agam
2268 3341 2509 3409 Tecum
2548 3343 2628 3411 de

229 3444 404 3513 Iocis
429 3440 813 3528 quibusdam
854 3438 930 3509 N.
961 3440 1034 3509 T.
1055 3493 1074 3520 ‚
1117 3441 1194 3510 de
1235 3444 1507 3531 quihus,
1541 3446 1594 3512 si
1620 3445 1828 3526 lubet,
1854 3449 2186 3515 occasione
2212 3447 2364 3514 data
2386 3451 2629 3535 poteris

231 3548 328 3617 ad
397 3547 485 3614 Cl.
535 3548 976 3614 Wetstenium
1025 3547 1286 3614 referre.
1384 3550 1618 3616 Incidit
1669 3571 1771 3618 me
1826 3553 1895 3616 in
1951 3553 2218 3638 epistola
2270 3551 2352 3619 ad
2411 3555 2624 3639 ipsum

231 3653 541 3721 omisisse
565 3651 778 3716 locum
820 3649 1003 3715 illum
1037 3659 1339 3716 vexatum
1377 3653 1444 3716 in
1468 3651 1751 3738 Epistola
1778 3653 1859 3718 ad
1891 3655 2210 3720 Hebraeos
2230 3653 2382 3731 ,uhi
2408 3655 2627 3723 Iudaei

233 3754 654 3844 appellantur
699 3753 1210 3838 καταφυγόντες.
1304 3755 1440 3839 Ego
1485 3775 1612 3820 non
1668 3754 1934 3834 dubito,
1997 3758 2108 3842 qui
2160 3757 2224 3822 id
2272 3755 2625 3838 dederunt,

235 3881 376 3930 non
406 3864 731 3926 assecutos
771 3859 967 3926 fuisse
1013 3856 1463 3945 compendium
1513 3860 1903 3946 scripturae,
1952 3861 2120 3949 quod
2162 3861 2314 3927 olim
2356 3863 2420 3926 in
2448 3861 2627 3931 Codi-

235 4055 436 4125 cibus
461 4056 586 4130 tale
626 4054 825 4122 fuerit
863 4055 1034 4120 κατὰ
1052 3988 1168 4139 ᾡς
1205 4053 1410 4129 ὄντες,
1451 4053 1516 4120 id
1550 4061 1684 4132 est,
1730 4055 1900 4121 κατὰ
1938 4059 2152 4141 φυγὴν
2176 4057 2343 4133 ὄντες
2368 4060 2433 4124 in
2472 4065 2631 4149 fuya

241 4169 314 4228 et
350 4161 726 4244 dispersione
765 4160 1116 4226 existentes.
1181 4159 1252 4226 In
1295 4159 1509 4226 codice
1542 4159 1945 4226 Constantini
1978 4162 2107 4228 mei
2143 4165 2629 4234 terminationes

242 4265 591 4333 nominum
656 4273 717 4329 et
772 4263 1115 4331 verborum
1179 4285 1378 4354 paene
1447 4265 1687 4352 ubique
1742 4265 2075 4336 deficiunt.
2185 4267 2267 4334 Et
2336 4267 2454 4336 hoc
2524 4292 2627 4339 me

243 4366 682 4434 confidentem
724 4367 911 4449 fecit,
953 4379 1026 4436 ut
1065 4371 1719 4438 interminationibus
1744 4423 1761 4450 ,
1812 4372 1919 4438 ubi
1962 4373 2118 4459 quid
2152 4379 2486 4460 peccatum
2516 4375 2626 4443 de-

244 4469 691 4560 prehendam,
737 4472 977 4557 absque
1026 4473 1448 4540 haesitatione
1503 4477 1817 4560 refingam
1868 4476 2039 4562 apud
2087 4487 2402 4544 auctores.
2453 4478 2632 4544 Addo

253 4576 474 4645 adhuc
525 4593 727 4640 unum
787 4574 1126 4662 capitalem
1188 4577 1400 4643 locum
1462 4587 1527 4644 et
1573 4579 2065 4646 vexatissimum
2128 4581 2327 4647 Marci
2388 4581 2498 4650 lx.
2550 4587 2635 4647 49
