3267 5567
1172 460 1477 528 Anscnm
1538 478 1698 527 vm.
2508 469 2645 531 567

232 659 478 707 scum
522 639 587 704 in
634 635 918 703 Siciliam
965 636 1110 703 iter.
1206 636 1608 703 Recentioris
1648 637 1956 724 temporis
2003 637 2128 703 viri
2183 636 2354 706 docti
2392 638 2637 725 pariter

232 752 314 811 et
368 744 611 811 indocti
656 740 967 809 mirificas
1012 740 1239 808 turbas
1278 739 1628 820 dederunt,
1675 741 2044 809 Hennaeus
2095 742 2199 832 (11.
2233 762 2294 829 p.
2328 746 2456 809 149
2481 742 2624 831 sq.):

233 880 271 909 ι
311 849 537 933 Quum
604 862 733 915 non
802 847 1027 914 statim
1096 846 1367 914 Athenis
1425 846 1585 914 abiit
1659 864 1737 915 eo
1794 846 2052 915 videtur
2119 847 2648 935 indignationem·

125 955 169 970 ‘
231 976 265 1013 a
296 953 724 1048 dissimulare
761 950 1040 1021 voluisse
1064 953 1126 1031 ”‚
1174 951 1341 1040 quod
1389 970 1584 1039 quam
1627 952 1941 1020 absonum
1980 953 2067 1020 sit
2112 953 2394 1044 ostendit
2439 953 2629 1021 Wsn-

226 1078 481 1126 cunnus
541 1080 604 1147 p.
647 1063 777 1126 517
836 1078 913 1125 n.
934 1060 1099 1134 806;
1145 1065 1210 1125 et
1258 1058 1369 1145 qui
1416 1054 1699 1144 palmam
1746 1058 1980 1124 ceteris
2028 1058 2419 1146 praeripuit,
2481 1077 2625 1125 sua-

222 1164 558 1231 vissimus
614 1168 801 1249 poeta
872 1164 1224 1231 Mamm
1250 1214 1269 1239 ,
1336 1160 1806 1233 Alexandriam
1859 1161 1940 1229 ad
2001 1163 2409 1232 ProLsnAeun
2477 1163 2627 1230 Lam

223 1286 523 1340 cursum
570 1274 795 1354 poetae
839 1268 1043 1333 nostri
1088 1267 1394 1355 dirigens,
2028 1307 2033 1312 κ

337 1372 557 1461 Ipsam
622 1372 1064 1459 quaestionem
1134 1373 1396 1443 diremit
1442 1373 1836 1442 Wsncmus
1886 1370 2015 1461 (pp.
2068 1375 2200 1439 516
2241 1371 2406 1461 sqq.)
2433 1421 2452 1450 ,
2518 1371 2627 1438 ubi

232 1477 395 1563 agit
436 1475 516 1545 de
578 1475 814 1544 Siculis
868 1475 1171 1545 Ais-,scum
1213 1478 1563 1554 itineribus
1584 1528 1604 1557 ,
1665 1478 1734 1545 in
1791 1478 2028 1566 quihus
2073 1487 2172 1547 est
2210 1475 2406 1545 cardo
2443 1496 2639 1565 quae-

229 1582 533 1649 stionum
594 1580 675 1648 de
723 1582 857 1650 vita
912 1582 1234 1651 universa.
1330 1584 1691 1651 Pmmcno
1730 1592 1797 1651 et
1868 1584 2036 1653 Vitae
2094 1584 2397 1670 scriptori
2443 1602 2631 1670 oppo-

228 1686 347 1754 nit
396 1685 729 1753 silentium
775 1685 1215 1754 Amsrormnrs
1275 1688 1347 1753 in
1384 1676 1615 1765 Ra'nis,
1683 1689 1841 1774 quin
1907 1688 2108 1755 immo
2161 1688 2483 1755 sinceram
2529 1708 2632 1755 ve-

227 1800 663 1886 mentemque
740 1790 1096 1856 amicitiam
1120 1836 1140 1869 ,
1223 1810 1355 1878 qua
1420 1790 1772 1858 Anscnrntss
1834 1789 2190 1859 Somocm
2258 1792 2634 1880 complexus

233 1898 455 1966 fuisse
501 1896 571 1962 in
616 1895 743 1961 ista
795 1892 1011 1961 fabula
1065 1900 1592 1982 repraesentatur
1642 1895 1824 1985 (Rau.
1853 1899 1980 1962 787
2031 1914 2169 1982 sqq.
2222 1902 2392 1964 1515
2442 1898 2633 1986 sqq.),

230 2004 555 2072 Anscnru
620 1998 872 2067 dictum
941 1996 1111 2084 quod
1170 2012 1250 2065 ex
1309 1998 1634 2066 Arnnnmo
1679 1999 1846 2069 VIII.
1897 2004 2048 2077 547,
2077 2012 2274 2087 supra
2338 2002 2424 2092 (p.
2470 2001 2628 2090 562)

232 2106 486 2185 attuli,
547 2112 616 2173 et
676 2104 800 2172 alia
846 2110 1233 2190 argumenta
1278 2123 1314 2171 e
1358 2102 1926 2171 verisimilitudine
1965 2103 2274 2198 inducta.
2386 2105 2634 2188 Quibus

233 2211 516 2283 accedat
575 2230 836 2279 necesse
882 2216 979 2277 est
1029 2209 1321 2296 quaestio
1344 2258 1362 2287 ,
1432 2228 1513 2276 an
1561 2207 1750 2278 facile
1786 2210 2070 2295 potuerit
2115 2211 2464 2279 Anscmus
2505 2232 2637 2280 uno

230 2317 509 2389 hiennio
556 2316 813 2406 (nempe
865 2320 1017 2382 ante
1063 2322 1339 2381 mortem
1395 2314 1724 2393 HmnoMS,
1783 2312 1878 2383 01.
1934 2320 2056 2395 78,
2124 2321 2210 2395 2,
2270 2335 2422 2384 vere
2469 2317 2626 2405 466)

235 2432 389 2493 tres
456 2438 648 2508 agere
710 2418 1084 2505 tetralogias
1104 2469 1125 2498 ,
1191 2419 1498 2495 Αἰτναίαις
1523 2469 1543 2496 ,
1614 2419 2005 2498 Perseidem,
2079 2429 2146 2488 et
2208 2420 2634 2490 Prometheos.

234 2525 433 2612 Quod
457 2534 532 2593 ut
548 2525 812 2594 hiennio
836 2524 977 2591 fieri
1011 2525 1297 2612 potuerit
1330 2524 1594 2612 quidem
1618 2575 1639 2604 ‚
1684 2526 1777 2593 ita
1815 2525 2004 2613 longe
2039 2526 2355 2595 incertius
2387 2526 2634 2595 sactum
2739 2508 2756 2526 ²

236 2642 344 2703 est
369 2635 631 2700 inventa
667 2650 708 2699 a
752 2629 1024 2698 szio
1059 2629 1425 2697 Didas-celia
1446 2680 1465 2709 ,
1511 2650 1551 2698 e
1595 2650 1726 2719 qua
1772 2639 2039 2720 apparet
2061 2632 2426 2700 Anscnrwn
2463 2651 2634 2701 anno

238 2745 394 2829 post
461 2738 789 2806 Sornocms
843 2734 1231 2813 victoriam,
1301 2733 1396 2804 01.
1425 2739 1547 2803 78.
1605 2743 1636 2803 1
1668 2786 1687 2815 ,
1732 2736 1959 2825 Elaph.
2008 2738 2052 2804 i.
2106 2758 2162 2805 e.
2224 2738 2413 2805 Mart.
2455 2741 2629 2815 467,

236 2861 379 2913 uno
437 2841 702 2910 demum
757 2858 929 2907 anno
986 2846 1165 2928 antes
1196 2839 1488 2906 Hmnoms
1533 2847 1812 2908 mortem
1857 2841 2132 2910 Athenis
2175 2841 2377 2911 fuisse
2398 2893 2418 2923 ,
2464 2844 2644 2931 quinae

238 2950 450 3018 immo
486 2945 722 3012 vicisse
764 2944 942 3027 Λαίῳ
966 2993 987 3019 ,
1039 2942 1317 3011 Οἰδίποδι
1336 2993 1358 3020 ,
1407 2943 1624 3011 Ἑπτὰ
1668 2946 1773 3013 ἐπὶ
1822 2947 2090 3026 Θήβας,
2136 2949 2393 3033 Σφιγγὶ
2433 2971 2650 3020 σοιτυ-,,

234 3063 427 3139 punem
484 3049 750 3137 gravius
790 3048 1007 3117 etiam
1056 3047 1229 3132 „illud
1290 3047 1577 3129 accedit,
1657 3057 1731 3117 ut
1776 3052 2130 3119 Auscurnns
2196 3055 2417 3125 statim
2482 3065 2639 3143 post,

235 3156 588 3226 victoriam
642 3160 1039 3241 reportatam
1085 3154 1375 3221 Athenas
1421 3153 1761 3242 reliquerit
1808 3156 1887 3223 oh
1948 3158 2154 3245 ipsam
2209 3160 2376 3227 iram
2417 3162 2636 3229 victo--

235 3263 385 3333 riae
429 3259 665 3349 prioris
703 3257 830 3325 sibi
877 3257 1245 3345 denegatae.
2057 3282 2077 3297 =

329 3368 588 3437 szu
655 3362 1019 3431 Didascalia
1087 3364 1256 3432 mira
1321 3362 1477 3432 licet
1536 3364 1788 3433 ratione
1855 3366 2216 3437 innotuerit
2235 3418 2256 3448 ,
2317 3367 2472 3439 licet
2529 3372 2622 3438 vi·

240 3492 469 3543 rorum
551 3469 889 3537 doctorum
958 3476 1025 3536 et
1083 3469 1291 3556 ipsius
1349 3470 1692 3539 anxmu
1753 3474 2096 3539 sententiis
2163 3475 2450 3559 graviter
2509 3475 2621 3542 ad-

239 3584 569 3652 versetur,
619 3575 1062 3643 certissimum
1085 3581 1187 3641 est
1212 3593 1355 3642 eam
1389 3575 1460 3639 in
1491 3574 1724 3642 Codice
1749 3582 2025 3641 exstare.
2088 3576 2172 3641 Et
2199 3573 2387 3643 hodie
2419 3578 2619 3662 forte,

238 3689 503 3771 reperta
546 3698 778 3767 nempe
810 3677 1245 3756 Didascalia„-
1278 3676 1626 3763 probabilis
1665 3676 1986 3764 quaedam
2038 3678 2206 3745 ratio
2252 3680 2623 3753 invenietur

243 3785 620 3874 explicando
648 3786 956 3854 Anscnm
993 3781 1209 3850 Ἑπτὰ
1228 3782 1331 3849 ἐπὶ
1377 3781 1604 3861 Θήβας
1652 3789 1987 3870 tamquam
2023 3784 2282 3852 tertiam
2314 3786 2623 3874 trilogiae

247 3898 501 3982 partem
548 3892 697 3958 sine
733 3890 1074 3959 decantato
1136 3888 1263 3955 isto
1308 3884 1577 3955 alterius
1629 3888 2024 3957 recensionis
2088 3890 2372 3958 invento.
2477 3893 2618 3966 Non
2701 3948 2708 3953 -

204 4037 210 4044 ·
246 4000 423 4067 enim
460 3997 740 4085 amplius
783 3995 1121 4063 reiicietur
1178 3992 1853 4081 walamnum-quippe
1899 4013 2065 4082 quae
2121 3993 2287 4063 hanc
2333 3996 2615 4069 fabulam

242 4103 540 4190 trilogiae
583 4101 885 4169 ultimam
925 4100 1151 4182 faciat,
1197 4099 1517 4188 siquidem
1557 4099 1624 4165 in
1667 4098 1748 4165 iis
1764 4149 1783 4178 ,
1830 4119 1996 4186 quae
2043 4109 2407 4187 sequuntur
2427 4154 2447 4183 ,
2487 4127 2616 4175 non

244 4209 508 4276 omnino
555 4225 595 4275 a
632 4207 904 4276 veritate
948 4206 1349 4275 aberravero.
1444 4205 1802 4273 Anscnnus
1823 4256 1842 4285 ,
1904 4214 2048 4274 tum
2095 4208 2344 4294 patriae
2393 4230 2616 4281 aman-

83 4367 115 4408 ..
248 4313 585 4391 tissimu8‚
634 4318 775 4379 tum
818 4321 1125 4381 strenuus
1169 4312 1465 4382 defensor
1497 4331 1757 4387 summ,
1809 4335 1973 4399 quae
2005 4314 2361 4379 constituta
2410 4335 2622 4387 essent

246 4420 315 4486 in
359 4418 659 4497 civitate,
707 4427 923 4506 partes
962 4419 1260 4487 Emocms
1300 4420 1367 4485 in
1408 4417 1637 4486 ultima
1681 4423 1873 4483 utiam
1925 4419 2137 4487 subula,
2177 4431 2438 4487 Suettius
2482 4447 2618 4491 essu·

246 4531 491 4611 potest,
538 4530 612 4591 ut
654 4544 805 4593 cum
852 4526 1053 4595 altero
1109 4524 1407 4606 ἧμιχορίῳ
1454 4525 1645 4591 saciari
1693 4527 1943 4591 {licens}
1997 4527 2217 4603 [Timo.
2253 4535 2422 4595 ῐϋῖξε,
2450 4531 2614 4611 ειῑι,]ι;
