3267 5567
828 454 940 524 111.
1033 451 1391 522 munaum
1433 470 1594 518 ovssa
1640 449 2110 518 Tuncnnoorm.
2522 455 2651 520 555

285 653 452 723 quos
510 639 586 702 tu
627 615 990 700 rectissime
1035 630 1330 716 corrigis,
1427 606 1815 694 Ruhnkenio
1871 630 2067 712 atque
2110 621 2257 690 aliis
2302 643 2529 694 vereor
2572 645 2655 696 ne

287 739 546 827 vapulet
590 735 952 825 aliquando.
1047 733 1432 802 Phoenissas
1476 731 1582 798 ille
1618 749 1799 798 meas
1846 730 1957 796 vix
2000 728 2227 798 dubito
2270 732 2430 817 quin
2474 730 2653 800 babi-

287 852 480 916 turus
513 845 598 912 sit
619 839 982 929 despicatui
1006 887 1025 916 ,
1071 836 1230 904 adeo
1268 837 1472 904 multa
1507 836 1679 902 notis
1723 835 2031 914 inerunt,
2078 845 2243 922 quae
2272 835 2397 906 sibi
2435 835 2653 928 displi-

281 969 430 1027 cere
476 949 606 1024 iam
654 965 830 1014 nunc
877 941 1341 1032 magistraliter
1375 937 1602 1010 edixit.

413 1162 702 1241 XXXIV,
798 1161 1128 1235 Acunum
1176 1123 1309 1248 (Er.
1359 1155 1518 1246 558)
1555 1176 1715 1224 ovnn
1760 1153 2181 1225 Ounnnnonr’s
2216 1156 2537 1226 Armatus.
2634 1167 2641 1174 ·

377 1366 475 1434 On
519 1367 698 1433 vient
731 1366 897 1434 enfin
960 1364 1042 1431 de
1086 1363 1338 1450 publier
1379 1362 1445 1430 la
1491 1363 2004 1451 metamorphosc
2049 1362 2359 1452 d’Apulee
2403 1363 2661 1452 d'apres

279 1473 344 1544 le
407 1473 768 1544 manuscrit
811 1469 1086 1559 delaisse
1142 1489 1259 1558 par
1319 1467 1427 1536 feu
1472 1468 1593 1540 Mr.
1646 1466 2075 1555 Oudendorp;
2138 1468 2259 1536 elle
2306 1467 2511 1537 forme
2566 1489 2659 1536 un

278 1579 602 1665 tres-gros
658 1577 916 1648 volume
956 1576 1023 1642 in
1075 1578 1150 1640 40
1169 1624 1190 1652 ,
1236 1573 1470 1659 templi
1495 1572 1891 1648 d'erudition
1935 1573 2285 1660 prodiguee
2331 1574 2370 1640 a
2414 1574 2660 1662 pleines

275 1684 494 1751 mains
515 1733 536 1761 ,
582 1684 749 1750 mais
794 1683 908 1778 qui
954 1677 1294 1746 contribue
1337 1697 1420 1746 en
1466 1678 1608 1746 rien
1656 1678 1695 1742 a
1756 1674 1916 1742 faire
1963 1675 2271 1750 entendre
2316 1699 2391 1751 ce
2439 1681 2656 1768 singu-

273 1788 403 1854 lier
441 1794 696 1853 auteur.
763 1843 769 1848 .

377 2000 632 2070 XXXV.
727 1999 1054 2076 Vmoxson
1103 1997 1236 2089 (Er.
1289 1996 1448 2086 596)
1499 2017 1653 2065 oven
1698 2017 1815 2064 nnn
1862 2015 2431 2066 'roovssnronuumzn
2474 2020 2561 2066 ms

1123 2103 1518 2172 Timormns
1561 2103 1827 2170 Nouuus.

374 2313 578 2402 Voicy
623 2310 718 2378 les
761 2308 1171 2378 characteres
1215 2308 1556 2396 magiques
1605 2308 1695 2376 du
1740 2309 1853 2378 Ms.
1904 2308 1985 2378 de
2036 2309 2131 2378 St.
2169 2311 2473 2381 Germain
2510 2313 2657 2396 πρὸς

279 2421 356 2488 τὸ
403 2416 728 2484 (ἐπαλέα-αι’
764 2416 886 2492 τὰς
932 2415 1164 2496 mitae:

275 2522 533 2609 γράψον
563 2520 807 2606 ἕξιφόρε
855 2521 1000 2612 (sic)
1041 2522 1147 2588 καὶ
1189 2519 1490 2600 θυμίασον
1521 2521 1592 2588 τὸ
1626 2517 1882 2588 orn-dnm
1918 2519 2059 2610 (pro
2080 2522 2433 2612 πιττάκιον)
2479 2539 2657 2606 χαλ-

277 2630 451 2714 βανη
497 2629 604 2695 καὶ
653 2628 926 2703 δύνοντος
962 2631 1072 2693 τοῦ
1121 2625 1296 2704 ἡλίου
1315 2649 1336 2664 ·
1377 2628 1552 2703 δῆσον
1607 2626 1765 2694 αὐτὸ
1808 2627 1895 2700 εἰς
1928 2628 2041 2702 τὴν
2075 2627 2283 2705 δεξιὰν
2328 2629 2511 2710 θύραν
2547 2631 2655 2696 καὶ

278 2741 426 2810 τοὺς
473 2742 905 2816 χαρακτῆρας.
990 2733 1162 2799 G'est
1206 2731 1248 2796 a
1289 2730 1461 2798 dire:
1507 2729 1628 2797 liez
1675 2730 1735 2796 le
1779 2729 1961 2796 billet
2000 2738 2065 2796 et
2097 2750 2205 2796 ces
2250 2730 2659 2800 characteres

276 2837 551 2923 ἔξιφόρε.
645 2837 720 2901 Je
750 2838 920 2902 crois
955 2835 1118 2921 qu’il
1161 2833 1304 2900 saut
1345 2833 1466 2898 lire
1497 2831 1588 2909 ἔξι
1633 2831 1835 2915 φόροις
1858 2882 1879 2910 ,
1924 2839 1990 2898 et
2025 2852 2151 2919 que
2176 2853 2283 2900 ees
2320 2843 2491 2902 mots
2512 2844 2659 2904 sont

279 2944 516 3016 Latius,
555 2938 662 3003 emi
705 2942 902 3024 foras.
1005 2937 1102 3003 On
1143 2945 1372 3003 trouve
1408 2934 1570 3003 dans
1608 2935 1705 3003 les
1740 2936 2023 3002 Auteurs
2060 2937 2141 3004 de
2178 2949 2253 3006 ce
2286 2957 2483 3024 genre
2519 2939 2656 3026 plu-

284 3049 500 3123 sieurs
537 3047 706 3108 mots
743 3042 1082 3127 etrangers
1099 3091 1120 3121 ,
1170 3041 1281 3128 qui
1319 3047 1431 3106 ont
1477 3041 1580 3108 ete
1629 3042 1941 3129 estropies
1985 3062 2105 3129 par
2143 3043 2237 3112 les
2281 3043 2585 3135 Copistes.

509 3223 819 3338 xxxvl.
912 3256 1026 3326 Ev'.
1077 3256 1400 3326 Scammos
1449 3258 1580 3350 (Er.
1633 3257 1793 3349 597)
1843 3281 2000 3327 ovnu
2042 3217 2433 3332 nnrznernss:

368 3469 461 3536 De
483 3466 756 3534 barbaro
793 3466 918 3532 isto
957 3473 1072 3533 aut
1105 3465 1361 3552 magico
1398 3467 1612 3553 potius
1649 3467 1932 3552 ἐξιφόρε,
1970 3470 2107 3537 sive
2150 3472 2320 3558 quod
2346 3473 2413 3538 in
2438 3472 2659 3540 codice

275 3572 760 3642 vindobonensi
814 3569 1072 3654 legatur
1116 3567 1415 3652 ἕξηφόρε,
1462 3573 1723 3656 quaeris
1768 3592 1849 3638 an
1888 3570 2053 3658 forte
2100 3573 2489 3642 orientalem
2534 3576 2657 3643 for-

277 3695 462 3745 mam
517 3683 691 3762 prae·
733 3694 802 3740 se
856 3671 1072 3738 ferat?
1189 3673 1506 3760 Equidem
1569 3677 1638 3740 in
1708 3673 1976 3741 eandem
2026 3686 2310 3745 mentem
2356 3698 2459 3745 me
2504 3679 2662 3746 ferri

279 3778 460 3848 haud
499 3777 776 3845 diffiteor
798 3825 817 3856 ,
888 3775 1081 3864 idque
1130 3778 1538 3864 potissimum
1601 3779 1953 3847 verisimile
2016 3781 2177 3847 mihi
2223 3783 2435 3849 visum
2501 3781 2661 3862 suit,

283 3885 440 3974 quia
477 3889 788 3971 sequatur
817 3882 922 3948 καὶ
969 3892 1382 3967 χαρακτῆρας
1426 3884 1643 3950 τούσδε
1679 3885 1754 3952 Χ.
1830 3884 2119 3952 Scribam
2157 3886 2313 3973 quid
2356 3887 2479 3954 levi
2514 3909 2660 3954 con-

285 3992 538 4057 iectura
577 3987 850 4056 fortasse
898 3986 1243 4056 adsecutus
1292 3987 1560 4065 fuerim3
1626 3991 1769 4068 Tu,
1816 3990 1872 4056 si
1911 3990 2129 4056 minus
2174 3999 2384 4073 recte,
2432 3994 2659 4061 condo-

287 4093 473 4161 nabis
517 4095 794 4180 negotiis
833 4093 1037 4172 meiS,
1085 4093 1322 4180 quibus
1371 4094 1558 4162 hodie
1597 4096 1912 4163 distineor
1935 4144 2359 4167 ..........

380 4196 589 4264 Verbo
636 4206 710 4264 ut
756 4197 976 4265 finiam
1016 4220 1158 4266 mea
1215 4200 1476 4287 quidem
1519 4221 1597 4268 ex
1638 4201 1959 4270 sententia
2007 4201 2411 4293 Theophanis
2451 4203 2663 4286 istud,

1110 4303 1216 4383 ἐξή
1263 4306 1413 4389 Φορέ
2664 4328 2670 4334 “

1107 4408 1210 4474 vel
1251 4409 1346 4484 ε’ξί
1389 4414 1548 4494 φορὲ·

300 4510 682 4601 (utrumque
721 4507 895 4575 enim
942 4527 1018 4574 ex
1067 4506 1338 4576 dialecto
1391 4515 1559 4580 idem
1609 4523 1751 4595 est,
1808 4515 1913 4594 ἐξή
1963 4525 2027 4584 et
2073 4518 2209 4598 ἐξί,
2260 4540 2410 4588 nam
2453 4547 2487 4596 n
2536 4529 2601 4588 et
2646 4546 2665 4586 ι
